3038 5272
608 495 802 545 SPECULUM
827 493 1003 545 ECCLESIE
1026 491 1262 544 MILITANTIS.'

434 669 569 745 sagittent
590 669 707 727 racione
729 687 786 743 que
808 686 939 727 consona
960 678 1002 726 est
1024 669 1173 745 scripture.
1216 668 1255 726 Et
1270 666 1443 746 quicunque

434 777 516 834 vivax
532 777 664 850 sagittam
679 775 765 832 talem
784 776 944 851 proiecerit,
960 776 1022 851 ipsa
1036 787 1080 834 est
1093 795 1161 835 curn
1176 776 1338 836 humilitate
1353 787 1383 834 et
1397 795 1441 835 re-

433 883 566 941 verencia
581 882 768 953 admittenda,
780 882 855 958 quia,
866 893 898 940 ut
913 901 981 958 sepe
993 893 1183 959 protestatum
1195 893 1246 954 est,
1259 885 1437 960 quicunque,

434 990 526 1048 eciam
549 989 697 1064 dyabolus,
713 990 876 1065 allegaverit
896 989 1017 1047 fideliter
1039 990 1126 1048 fidem
1151 991 1293 1067 scripture
1310 1008 1367 1067 pro
1387 1009 1439 1049 sua

435 1098 591 1183 sentencia,
616 1108 798 1173 acceptarem
821 1097 899 1154 illam
928 1097 1073 1154 humiliter
1097 1114 1151 1173 pro
1176 1097 1358 1156 auctoritate.
1401 1097 1463 1162 Ets

436 1215 576 1280 quantum
605 1202 642 1261 ad
668 1204 815 1262 racionem
844 1202 959 1274 factam,
982 1203 1092 1261 dictum
1116 1214 1160 1262 est
1189 1205 1332 1280 superius,
1361 1214 1394 1261 ut
1421 1222 1439 1261 a

225 1323 390 1376 Scriptorecon-
437 1311 611 1387 quibusdam
631 1310 725 1380 didici,
741 1310 815 1368 sicut
836 1310 977 1387 scriptura
996 1328 1079 1368 sacra
1100 1321 1143 1369 est
1158 1310 1317 1383 verissima,
1334 1311 1378 1369 sic
1397 1321 1440 1368 est

225 1374 281 1415 tains
290 1374 310 1415 in
321 1374 379 1415 itsels
385 1375 413 1416 all

224 1425 418 1526 iiiiissiie‘ni‘avsin
437 1417 727 1494 compendiosissima
740 1427 768 1475 et
783 1417 933 1474 utilissima
955 1427 983 1475 et
1007 1418 1082 1474 miro
1104 1416 1195 1475 modo
1220 1417 1295 1475 sicut
1316 1417 1440 1476 includit

223 1526 413 1620 zgffisultwle·
438 1525 467 1582 in
488 1542 518 1584 se
540 1525 680 1583 sciencias
701 1525 797 1583 trivias
817 1534 845 1582 et
867 1523 1083 1594 sermocinales,
1105 1524 1214 1582 scilicet
1236 1525 1439 1599 gramaticam,

436 1633 571 1708 logicam,
583 1642 610 1690 et
626 1630 808 1703 rhetoricam,
820 1632 862 1690 sic
876 1631 996 1689 includit
1011 1631 1152 1690 sciencias
1166 1632 1333 1709 quadrivias
1347 1633 1439 1690 reales
1449 1651 1478 1686 10

435 1741 543 1798 scilicet
576 1739 796 1809 arismetricam,
824 1739 977 1809 musicam,
1005 1738 1216 1814 geometricam
1245 1747 1274 1797 et
1303 1749 1439 1799 astrono-

435 1849 534 1918 miam,
556 1847 591 1904 de
620 1858 731 1922 quanto
759 1847 872 1904 illarum
901 1846 1008 1905 noticia
1029 1845 1146 1921 expedit
1167 1845 1205 1903 ad
1226 1847 1440 1906 beatitudinem

224 1970 421 2111 iiiffiiifssyffih‘
436 1953 655 2029 adquirendam.
697 1952 735 2010 Et
750 1954 791 2010 sic
813 1953 937 2011 mirabili
958 1952 1220 2028 compendiositate
1238 1961 1324 2012 autor
1345 1955 1439 2031 scrip-

224 2071 423 2162 {fllivgissvfflff
437 2071 507 2130 ture,
532 2059 643 2117 docens
664 2059 815 2135 quomodo
839 2070 868 2117 et
892 2059 927 2117 de
950 2060 1056 2136 quibus
1084 2059 1179 2118 clerici
1201 2059 1311 2118 debent
1331 2061 1438 2132 vivere,

224 2171 399 2273 sfflffihich
436 2169 523 2226 docet
537 2166 712 2224 sufficienter
726 2167 756 2224 in
771 2184 831 2242 quo
846 2184 967 2224 numero
982 2178 1011 2226 et
1032 2185 1091 2243 qua
1112 2167 1308 2244 proporcione
1331 2167 1439 2226 debent
1450 2189 1477 2239 15

224 2287 408 2367 ffifflfcgg've
436 2277 474 2335 ad
491 2275 640 2334 residuum
655 2273 756 2350 populi
772 2292 802 2330 se
817 2273 930 2333 habere.
975 2274 1005 2332 Si
1026 2274 1105 2332 enim
1127 2293 1188 2332 non
1209 2274 1353 2332 haberent
1375 2275 1440 2333 red·

436 2385 520 2454 ditus
535 2382 579 2440 vel
597 2382 635 2439 ad
652 2382 779 2441 officium
795 2381 876 2458 quod
891 2382 1013 2456 pertinet
1032 2381 1110 2439 clero
1130 2381 1245 2452 Christi,
1260 2399 1323 2439 non
1343 2381 1440 2441 forent

434 2493 464 2549 in
479 2499 561 2549 tanto
576 2507 699 2547 numero
713 2497 741 2546 et
755 2497 813 2545 tam
830 2489 946 2545 onerosi
961 2487 1083 2546 ecclesie
1097 2498 1129 2546 ut
1147 2498 1214 2546 sunt
1228 2488 1330 2547 modo.
1363 2489 1439 2548 Ideo

434 2607 588 2674 peccatum
616 2596 737 2653 ecclesie
765 2595 854 2670 exigit
881 2604 914 2651 ut
943 2594 1042 2652 dotent
1070 2595 1134 2652 illos
1163 2605 1191 2653 et
1218 2595 1309 2654 ditent
1335 2607 1440 2654 contra

434 2706 529 2782 legem
558 2703 745 2772 dominicam,
767 2712 799 2759 ut
827 2711 869 2759 tot
897 2702 1012 2760 discolis
1037 2712 1181 2761 oneretur.
1224 2701 1326 2761 Servet
1351 2703 1479 2780 igiturao

435 2812 541 2886 duplex
557 2828 623 2885 pars
638 2809 759 2866 ecclesie
774 2809 869 2885 legem
881 2809 988 2867 Christi
1002 2810 1032 2866 in
1047 2810 1114 2868 cleri
1126 2809 1282 2868 dotacione
1296 2818 1326 2868 et
1340 2811 1393 2868 erit
1407 2811 1439 2868 in

435 2936 488 2976 suo
513 2934 635 2973 numero
663 2926 842 2974 mensurato.
883 2916 923 2974 Et
951 2926 1030 2992 patet
1051 2915 1133 2991 quod
1158 2917 1341 2976 adversarius
1363 2917 1439 2994 legis

435 3025 481 3082 dei
506 3023 610 3082 defecit
635 3023 664 3079 in
689 3023 744 3080 ista
768 3023 856 3081 tercia
884 3025 1011 3093 racione,
1036 3024 1104 3098 quia
1132 3023 1216 3081 sicud
1243 3023 1340 3082 clerus
1368 3043 1438 3101 pro·

433 3133 574 3211 porcione
589 3131 685 3188 debita
700 3130 810 3188 sincere
826 3149 952 3206 sequens
968 3130 1116 3190 Christum
1132 3130 1282 3206 prodesset
1303 3131 1438 3204 ecclesie,

226 3256 393 3317 Nonumperor
437 3242 479 3300 sic
507 3250 625 3297 vocatus
658 3237 751 3297 clerus
784 3236 964 3296 condicionis
996 3238 1139 3313 opposite,
1172 3247 1478 3317 quantumcunque25

224 3309 286 3408 hihi
296 3316 428 3401 itheihucrih.
436 3359 637 3407 monstruosus
651 3345 743 3417 fuerit,
759 3344 915 3402 viatoribus
932 3343 1007 3402 soret
1022 3345 1038 3380 *
1054 3344 1223 3414 contrarius,
1239 3345 1308 3422 quia
1328 3345 1366 3404 de
1383 3346 1438 3405 illis
1449 3361 1481 3406 n.
1493 3361 1519 3405 s«

433 3457 626 3515 verificaretur
641 3454 751 3511 dictum
766 3452 920 3529 sapientis;
938 3453 1085 3509 stultorum
1100 3453 1228 3527 infinitus
1241 3460 1281 3510 est
1293 3472 1435 3513 numerus.
1447 3455 1512 3505 Eccl-

433 3564 471 3621 Et
501 3563 559 3620 hoc
589 3561 741 3618 metricum
773 3559 809 3617 de
844 3559 921 3618 bello
950 3559 1054 3617 clavo:
1092 3558 1244 3618 ‘Tersites
1279 3578 1437 3620 numerum

435 3670 541 3739 ‘auxit,
570 3686 631 3726 non
659 3667 733 3724 vires
763 3667 844 3724 auxit
872 3665 1008 3726 Achivis!
1052 3666 1209 3724 Intendant
1239 3687 1311 3744 ergo
1339 3669 1437 3730 clerici

433 3776 496 3833 aliis
521 3775 629 3832 artibus
657 3772 844 3843 mechanicis
867 3773 917 3848 qui
938 3772 1038 3831 volunt
1063 3772 1139 3830 hanc
1165 3792 1278 3833 servare
1302 3777 1433 3852 regulam
1445 3797 1478 3845 30

432 3884 502 3963 Jesu
526 3880 639 3951 Christi,
662 3880 735 3938 sicut
759 3861 981 3957 possuntlicite
1006 3880 1168 3938 secundum
1193 3880 1289 3957 legem
1313 3882 1434 3943 domini.

432 3990 470 4050 Et
485 3990 541 4047 hoc
556 3988 721 4047 evidencius
735 3987 830 4046 audeo
850 3987 1001 4058 affirmare,
1016 3988 1097 4062 quod
1117 3987 1190 4046 foret
1212 3988 1253 4047 eis
1267 3990 1374 4061 utilius,
1389 3991 1434 4050 vel
1482 4013 1485 4017 ·

432 4100 512 4158 aliter
525 4097 623 4154 minus
637 4095 755 4166 malum,
771 4095 839 4173 quia
858 4095 894 4152 de
909 4112 1032 4153 numero
1052 4095 1149 4152 talium
1170 4095 1433 4157 scandalisancium

465 4291 489 4338 4.
508 4271 643 4332 humiliter,
652 4287 699 4320 om.
711 4282 771 4331 c,n.
835 4271 858 4317 8.
872 4268 943 4328 sicut,
956 4279 980 4328 e,
990 4279 1017 4316 D.
1051 4269 1095 4328 sic,
1108 4268 1142 4317 13¹.
1207 4282 1245 4319 11.
1262 4274 1432 4334 geometriam,

433 4365 495 4413 c,1>.
548 4363 586 4413 19.
602 4350 698 4408 dotent,
708 4361 739 4408 c;
756 4348 855 4406 docent,
864 4346 906 4406 13¹3
922 4347 1048 4406 ditent,c;
1064 4347 1153 4406 dicent,
1164 4347 1198 4398 13¹.
1251 4363 1288 4399 20.
1306 4352 1392 4411 servit,

435 4445 472 4479 aa.
491 4434 639 4490 mensurata,
652 4439 675 4488 c,
686 4437 713 4476 D.
782 4426 819 4474 28.
838 4431 871 4487 et,
883 4437 908 4481 e,
918 4435 952 4486 1);
969 4425 1003 4487 in,
1015 4424 1050 4473 13¹.
1084 4424 1187 4488 tersites,
1199 4437 1215 4475 c
1223 4442 1230 4489 ;
1247 4426 1351 4489 sersites,
1363 4429 1405 4480 ΒΗ
