3038 5272
563 510 757 563 SPECULUM
780 507 952 560 ECCLESIE
975 506 1205 559 MlLITANTIS.

386 695 528 764 cognatos
550 685 581 743 in
605 685 754 761 apostolos
775 685 853 760 ipsos
873 703 890 742 a
914 682 1063 741 mundana
1084 681 1227 758 superbia,
1250 677 1265 710 *
1289 698 1308 739 a
1331 681 1399 740 vita
1410 697 1514 745 oua.

386 794 560 869 voluptuosa
573 802 601 850 et
616 791 739 849 avaricia
760 791 906 861 coartavit,
922 801 950 849 et
963 790 1048 848 istam
1069 788 1199 864 regulam
1214 786 1399 847 Christianis

386 900 509 978 posteris
529 898 690 968 reservavit,
709 898 777 973 quia
794 897 826 973 jo
847 916 879 971 13
901 897 969 954 dicit
992 896 1071 971 ipsc:
1093 894 1267 953 Mandatum
1286 913 1399 954 novum
1408 898 1481 962 John
1502 921 1509 941 ‹

387 1010 420 1066 do
440 1007 515 1065 vobis
539 1012 573 1064 ut
598 1007 726 1079 diligatis
748 1004 887 1072 invem,-
911 1007 989 1076 ,secut
1011 1010 1037 1060 et
1059 1022 1107 1076 ego
1127 1004 1223 1062 dilexi
1240 1021 1288 1060 vos
1309 1009 1345 1060 ut
1370 977 1453 1062 et34'

386 1134 434 1174 vor
458 1116 573 1172 ahaziam
595 1113 729 1188 diligatis.
772 1110 810 1169 Et
832 1121 912 1187 patet
936 1111 1015 1187 quod
1044 1110 1180 1186 operacio
1208 1109 1426 1186 prelatorum5

386 1220 564 1298 hujusmodi,
589 1220 663 1278 sicut
690 1229 719 1277 et
739 1219 876 1294 operacio
901 1217 1018 1287 luciferi,
1042 1227 1138 1294 potest
1166 1217 1400 1279 occasionaliter

387 1327 478 1385 multa
493 1334 613 1402 peccata
627 1326 795 1401 extinguere
804 1344 812 1396 ;
835 1325 909 1383 sicut
924 1336 951 1383 et
969 1334 1064 1400 potest
1078 1323 1175 1382 vocari
1184 1323 1348 1384 elemosina
1366 1338 1401 1387 et

177 1436 348 1499 Whacisreally‘
387 1433 482 1492 honor
502 1450 660 1508 regnorum
681 1430 761 1507 quod
782 1440 825 1489 est
846 1432 993 1489 bonorum
1016 1447 1177 1506 pauperum
1197 1430 1341 1506 spoliacio
1365 1443 1401 1492 et

175 1498 344 1602 ffiryavooee
387 1540 534 1617 flagicium
555 1549 657 1599 contra
679 1538 824 1614 simplices
845 1537 966 1595 ecclesie
988 1536 1153 1608 militantis;
1174 1546 1203 1595 et
1225 1537 1290 1595 talis
1313 1556 1400 1598 con-

175 1599 362 1742 {fffissgffig
386 1649 515 1708 versacio
531 1665 591 1705 non
613 1646 686 1705 loret
707 1645 801 1704 honor
821 1661 978 1719 regnorum
999 1644 1057 1703 sive
1080 1643 1192 1714 utilitas,
1208 1644 1259 1702 scd
1278 1643 1399 1706 diaboli
1412 1660 1447 1697 10

388 1754 571 1814 machinacio
592 1753 764 1812 introducta.
808 1751 856 1810 sie
880 1769 951 1826 ergo
976 1749 1152 1826 prelatorum
1175 1750 1277 1809 divicie
1300 1763 1400 1829 atque

389 1861 523 1921 nobilitas
537 1870 661 1936 possunt
674 1877 738 1917 esse
753 1859 871 1919 occasio
886 1868 946 1916 tam
960 1858 1076 1933 prelatis
1091 1875 1180 1934 quam
1194 1858 1255 1918 aliis
1269 1858 1309 1916 ad
1321 1878 1401 1936 pec·

389 1966 517 2027 candum
526 1967 670 2040 superbia,
686 1965 818 2035 avaricia,
833 1975 919 2040 atque
933 1965 1010 2040 gula,
1021 1975 1049 2023 et
1058 1974 1181 2040 possunt
1195 1983 1258 2024 csse
1269 1969 1400 2027 occasio

389 2074 427 2132 ad
436 2082 496 2130 tam
511 2072 564 2130 sibi
579 2089 668 2146 quam
677 2071 799 2130 ecclesie
809 2071 1052 2146 promerendum:
1075 2082 1104 2131 et
1118 2073 1172 2130 nisi
1187 2072 1276 2132 assint
1289 2075 1400 2148 gracia

389 2190 418 2239 et
431 2180 518 2238 virtus
536 2179 647 2255 primus
661 2179 781 2237 effectus
795 2179 915 2254 contigit
930 2181 1115 2239 communius
1130 2198 1219 2255 quam
1234 2181 1398 2243 secundus
1411 2195 1443 2246 15

388 2288 461 2346 Ideo
482 2287 631 2345 videamus
648 2286 872 2363 disposicionem
896 2282 910 2316 *
933 2303 1023 2361 quam
1045 2285 1176 2345 Christus
1198 2287 1332 2348 adhibuit
1353 2292 1399 2351 ad
1408 2293 1506 2342 ΒΜ

388 2394 629 2470 consequendum
644 2394 774 2470 graciam
788 2404 816 2452 et
830 2393 946 2451 virtutes
955 2412 963 2465 ;
986 2403 1015 2450 et
1033 2393 1077 2452 vel
1097 2404 1211 2469 oportet
1226 2396 1399 2458 concedere

388 2502 468 2577 quod
492 2500 623 2560 Christus
651 2500 702 2558 suit
730 2500 834 2569 fatuus,
856 2500 900 2557 vel
929 2500 1008 2574 quod
1037 2502 1191 2577 pauperies
1213 2519 1303 2577 quam
1328 2504 1397 2579 ipse

177 2624 371 2676 Thoughprelates
388 2608 530 2685 disposuit
551 2607 616 2683 plus
638 2606 767 2681 disponit
780 2606 934 2681 episcopos
957 2607 994 2664 ad
1008 2608 1133 2666 virtutes.
1177 2609 1241 2667 Nec
1257 2610 1393 2684 sequitur

177 2675 355 2775 ffisssslfflfy
388 2734 426 2773 ex
444 2716 499 2772 isto
517 2712 596 2790 quod
617 2713 742 2770 debeant
763 2712 929 2770 mendicare
949 2714 988 2770 ab
1012 2713 1141 2786 homine,
1159 2733 1227 2774 eum
1245 2713 1395 2790 Christus,
1408 2734 1443 2771 πο

178 2775 351 2867 gppffinan
388 2818 538 2894 exemplar
549 2828 692 2889 nostrum,
703 2819 819 2876 tenebat
829 2837 859 2876 se
870 2819 899 2876 in
908 2819 1005 2878 medio
1017 2831 1047 2878 et
1060 2831 1215 2897 utrumque
1224 2831 1395 2883 extremum

301 2961 304 2967 ,
388 2935 529 2999 tanquam
544 2923 686 2999 culpabile
701 2925 872 3000 reprobavit.
911 2926 983 2985 ldeo
998 2927 1053 2986 ista
1067 2928 1216 2988 evidencia
1229 2938 1274 2987 est
1288 2929 1394 2990 similis

391 3029 512 3088 stulticie
535 3027 550 3060 *
573 3047 711 3088 cecorum
733 3031 781 3105 qui
803 3032 939 3089 baculum
968 3051 1053 3091 suum
1075 3030 1220 3110 proiciunt
1245 3035 1283 3094 ad
1311 3046 1395 3097 astra
1405 3043 1519 3096 Bulba

389 3147 421 3196 ut
435 3137 498 3214 ipsa
512 3137 543 3194 in
558 3154 610 3194 sua
632 3138 798 3196 substancia
819 3138 904 3196 stulte
922 3138 1028 3198 ledant.
1070 3141 1109 3200 Et
1124 3151 1202 3217 patet
1216 3141 1296 3217 quod
1312 3143 1394 3202 istud

389 3245 567 3303 sentenciare
583 3261 644 3301 non
665 3254 740 3302 esset
758 3263 882 3320 regnum
898 3245 1052 3317 destruere,
1068 3266 1122 3305 nec
1137 3247 1207 3308 dare
1222 3249 1394 3310 hominibus
1406 3269 1440 3320 ²5
1491 3296 1495 3301 .

177 3353 374 3456 {ffidfffffim
389 3352 541 3412 licenciam
563 3352 600 3409 ad
622 3351 816 3427 peccandum.
871 3351 935 3409 Nisi
956 3351 1028 3410 forte
1058 3354 1180 3412 infidelis
1209 3355 1287 3414 dicat
1322 3375 1394 3416 cum

179 3453 216 3526 ‘¹3‘
225 3463 287 3497 ⁵1²¹*
390 3459 586 3531 sacerdotibus
615 3457 762 3515 Christum
791 3458 1004 3530 accusantibus,
1041 3461 1121 3536 quod
1156 3463 1219 3537 ipse
1254 3464 1395 3525 subvertit

390 3575 485 3624 totum
506 3580 630 3639 regnum
652 3563 738 3638 judee
763 3573 792 3620 et
814 3557 996 3638 imperatoris
1024 3566 1179 3643 imperium
1207 3572 1394 3645 perturbavit.

392 3671 464 3729 Ideo
479 3670 519 3728 sic
538 3669 702 3746 judicantes
725 3668 885 3726 secundum
907 3669 1013 3729 faciem
1035 3683 1102 3732 sunt
1123 3676 1315 3735 communiter
1331 3687 1395 3737 tam

391 3777 484 3834 verbis
498 3793 587 3850 quam
601 3793 688 3850 opere
703 3775 842 3835 infideles.
1404 3793 1442 3842 30

426 3996 463 4035 11.
480 3983 551 4043 sicut,
559 3989 608 4045 pro
619 3982 661 4041 sic,
674 3995 698 4047 r,
711 3984 744 4045 13¹,
758 3996 781 4034 c,
881 4000 919 4047 13.
937 3993 967 4045 et,
980 4003 1027 4036 om.
1040 3999 1064 4048 s,
1078 3988 1110 4049 3¹,
1124 4001 1148 4041 c.
1249 4003 1287 4052 23.
1306 4006 1395 4056 percu-

391 4063 465 4121 ciunt,
473 4068 523 4126 pro
534 4062 664 4126 proiciunt,
678 4073 702 4114 c,
771 4076 809 4125 25.
827 4069 872 4126 est,
879 4071 929 4127 pro
940 4070 1011 4120 esset,
1024 4076 1048 4121 Β,
1058 4077 1084 4116 e.
