<?xml version="1.0" encoding="UTF-8"?>
<!DOCTYPE html PUBLIC "-//W3C//DTD XHTML 1.0 Transitional//EN"
    "http://www.w3.org/TR/xhtml1/DTD/xhtml1-transitional.dtd">
<html xmlns="http://www.w3.org/1999/xhtml" xml:lang="en" lang="en">
 <head>
  <title>
</title>
<meta http-equiv="Content-Type" content="text/html;charset=utf-8" />
  <meta name='ocr-system' content='tesseract 3.04.00' />
  <meta name='ocr-capabilities' content='ocr_page ocr_carea ocr_par ocr_line ocrx_word'/>
</head>
<body>
  <div class='ocr_page' id='page_1' title='image "./iohanniswycliff00wyclgoog_0096.png"; bbox 0 0 3038 5272; ppageno 0'>
   <div class='ocr_carea' id='block_1_1' title="bbox 1232 432 1245 465">
    <p class='ocr_par' dir='ltr' id='par_1_1' title="bbox 1232 432 1245 465">
     <span class='ocr_line' id='line_1_1' title="bbox 1232 432 1245 465; baseline 0 0"><span class='ocrx_word' id='word_1_1' title='bbox 1232 432 1245 465; x_wconf 72' lang='grc' dir='ltr'>ἱ</span> 
     </span>
    </p>
   </div>
   <div class='ocr_carea' id='block_1_2' title="bbox 141 453 1176 531">
    <p class='ocr_par' dir='ltr' id='par_1_2' title="bbox 141 453 1176 531">
     <span class='ocr_line' id='line_1_2' title="bbox 141 453 1176 531; baseline -0.006 -16"><span class='ocrx_word' id='word_1_2' title='bbox 141 453 184 531; x_wconf 89' lang='lat'><strong>64</strong></span> <span class='ocrx_word' id='word_1_3' title='bbox 526 460 721 514; x_wconf 72' lang='lat' dir='ltr'>SPECULUM</span> <span class='ocrx_word' id='word_1_4' title='bbox 745 457 918 509; x_wconf 77' lang='lat' dir='ltr'><strong>nccussrn</strong></span> <span class='ocrx_word' id='word_1_5' title='bbox 943 455 1176 509; x_wconf 76' lang='lat' dir='ltr'><strong>nrurrnurrs</strong></span> 
     </span>
    </p>
   </div>
   <div class='ocr_carea' id='block_1_3' title="bbox 139 631 1375 746">
    <p class='ocr_par' dir='ltr' id='par_1_3' title="bbox 139 631 1375 746">
     <span class='ocr_line' id='line_1_3' title="bbox 139 631 1375 745; baseline -0.002 -50"><span class='ocrx_word' id='word_1_6' title='bbox 139 654 192 745; x_wconf 52' lang='lat'><strong>3:29</strong></span> <span class='ocrx_word' id='word_1_7' title='bbox 216 654 272 745; x_wconf 50' lang='lat' dir='ltr'><strong>kmi</strong></span> <span class='ocrx_word' id='word_1_8' title='bbox 281 651 333 743; x_wconf 63' lang='lat' dir='ltr'><strong>nup</strong></span> <span class='ocrx_word' id='word_1_9' title='bbox 349 637 436 696; x_wconf 80' lang='lat' dir='ltr'><strong>talem</strong></span> <span class='ocrx_word' id='word_1_10' title='bbox 449 637 640 695; x_wconf 87' lang='lat' dir='ltr'>elemosinam</span> <span class='ocrx_word' id='word_1_11' title='bbox 650 636 717 695; x_wconf 93' lang='lat' dir='ltr'><strong>cleri</strong></span> <span class='ocrx_word' id='word_1_12' title='bbox 733 635 777 693; x_wconf 94' lang='lat' dir='ltr'><strong>sui</strong></span> <span class='ocrx_word' id='word_1_13' title='bbox 791 654 825 693; x_wconf 85' lang='lat' dir='ltr'><strong>ac</strong></span> <span class='ocrx_word' id='word_1_14' title='bbox 838 635 860 693; x_wconf 93' lang='lat' dir='ltr'><strong>si</strong></span> <span class='ocrx_word' id='word_1_15' title='bbox 870 634 999 694; x_wconf 86' lang='lat' dir='ltr'><strong>dicerent</strong></span> <span class='ocrx_word' id='word_1_16' title='bbox 1008 642 1111 692; x_wconf 89' lang='lat' dir='ltr'><strong>contra</strong></span> <span class='ocrx_word' id='word_1_17' title='bbox 1122 631 1297 705; x_wconf 89' lang='lat' dir='ltr'>Christum,</span> <span class='ocrx_word' id='word_1_18' title='bbox 1310 652 1375 710; x_wconf 85' lang='lat' dir='ltr'><strong>ego</strong></span> 
     </span>
     <span class='ocr_line' id='line_1_4' title="bbox 164 718 317 746; baseline 0 -1"><span class='ocrx_word' id='word_1_19' title='bbox 164 719 197 745; x_wconf 72' lang='lat' dir='ltr'><strong>ec</strong></span> <span class='ocrx_word' id='word_1_20' title='bbox 227 718 262 746; x_wconf 65' lang='lat' dir='ltr'><strong>fac</strong></span> <span class='ocrx_word' id='word_1_21' title='bbox 272 718 295 745; x_wconf 60' lang='grc' dir='ltr'><strong>ΕΓ</strong></span> <span class='ocrx_word' id='word_1_22' title='bbox 303 718 317 745; x_wconf 84' lang='grc'><strong>0</strong></span> 
     </span>
    </p>
   </div>
   <div class='ocr_carea' id='block_1_4' title="bbox 139 739 1395 1387">
    <p class='ocr_par' dir='ltr' id='par_1_4' title="bbox 139 739 1395 1247">
     <span class='ocr_line' id='line_1_5' title="bbox 139 739 1375 819; baseline 0.002 -22"><span class='ocrx_word' id='word_1_23' title='bbox 139 756 208 799; x_wconf 66' lang='lat' dir='ltr'><strong>ulnis?</strong></span> <span class='ocrx_word' id='word_1_24' title='bbox 350 744 416 803; x_wconf 93' lang='lat' dir='ltr'><strong>volo</strong></span> <span class='ocrx_word' id='word_1_25' title='bbox 434 742 514 819; x_wconf 90' lang='lat' dir='ltr'><strong>quod</strong></span> <span class='ocrx_word' id='word_1_26' title='bbox 534 744 569 801; x_wconf 91' lang='lat' dir='ltr'><strong>sit</strong></span> <span class='ocrx_word' id='word_1_27' title='bbox 589 743 750 801; x_wconf 85' lang='lat' dir='ltr'>elemosina</span> <span class='ocrx_word' id='word_1_28' title='bbox 770 741 1039 817; x_wconf 89' lang='lat' dir='ltr'>quomodocunque</span> <span class='ocrx_word' id='word_1_29' title='bbox 1054 740 1177 798; x_wconf 86' lang='lat' dir='ltr'><strong>vixerint</strong></span> <span class='ocrx_word' id='word_1_30' title='bbox 1200 749 1230 798; x_wconf 92' lang='lat' dir='ltr'><strong>et</strong></span> <span class='ocrx_word' id='word_1_31' title='bbox 1255 739 1375 800; x_wconf 88' lang='lat' dir='ltr'><strong>suerint</strong></span> 
     </span>
     <span class='ocr_line' id='line_1_6' title="bbox 350 847 1371 925; baseline -0.004 -14"><span class='ocrx_word' id='word_1_32' title='bbox 350 850 492 911; x_wconf 85' lang='lat' dir='ltr'><strong>contrarie</strong></span> <span class='ocrx_word' id='word_1_33' title='bbox 513 849 569 924; x_wconf 83' lang='lat' dir='ltr'><strong>legi</strong></span> <span class='ocrx_word' id='word_1_34' title='bbox 591 859 647 922; x_wconf 92' lang='lat' dir='ltr'><strong>tue,</strong></span> <span class='ocrx_word' id='word_1_35' title='bbox 663 849 708 907; x_wconf 89' lang='lat' dir='ltr'><strong>vel</strong></span> <span class='ocrx_word' id='word_1_36' title='bbox 725 867 782 925; x_wconf 81' lang='lat' dir='ltr'><strong>ego</strong></span> <span class='ocrx_word' id='word_1_37' title='bbox 801 848 868 907; x_wconf 93' lang='lat' dir='ltr'><strong>volo</strong></span> <span class='ocrx_word' id='word_1_38' title='bbox 883 847 964 924; x_wconf 93' lang='lat' dir='ltr'><strong>quod</strong></span> <span class='ocrx_word' id='word_1_39' title='bbox 978 849 1052 905; x_wconf 91' lang='lat' dir='ltr'><strong>vivat</strong></span> <span class='ocrx_word' id='word_1_40' title='bbox 1067 847 1105 906; x_wconf 89' lang='lat' dir='ltr'><strong>ad</strong></span> <span class='ocrx_word' id='word_1_41' title='bbox 1126 847 1371 907; x_wconf 88' lang='lat' dir='ltr'><strong>edificacionem</strong></span> 
     </span>
     <span class='ocr_line' id='line_1_7' title="bbox 350 954 1372 1031; baseline -0.003 -14"><span class='ocrx_word' id='word_1_42' title='bbox 350 957 472 1017; x_wconf 83' lang='lat' dir='ltr'><strong>ecclesie</strong></span> <span class='ocrx_word' id='word_1_43' title='bbox 487 956 593 1014; x_wconf 79' lang='lat' dir='ltr'><strong>Christi</strong></span> <span class='ocrx_word' id='word_1_44' title='bbox 608 956 721 1026; x_wconf 89' lang='lat' dir='ltr'><strong>utiliter,</strong></span> <span class='ocrx_word' id='word_1_45' title='bbox 735 957 804 1031; x_wconf 88' lang='lat' dir='ltr'><strong>quia</strong></span> <span class='ocrx_word' id='word_1_46' title='bbox 818 955 936 1013; x_wconf 92' lang='lat' dir='ltr'><strong>indubie</strong></span> <span class='ocrx_word' id='word_1_47' title='bbox 956 955 997 1013; x_wconf 92' lang='lat' dir='ltr'><strong>sic</strong></span> <span class='ocrx_word' id='word_1_48' title='bbox 1016 954 1074 1013; x_wconf 93' lang='lat' dir='ltr'><strong>vult</strong></span> <span class='ocrx_word' id='word_1_49' title='bbox 1095 954 1176 1025; x_wconf 88' lang='lat' dir='ltr'><strong>deus,</strong></span> <span class='ocrx_word' id='word_1_50' title='bbox 1193 973 1272 1030; x_wconf 83' lang='lat' dir='ltr'><strong>ergo</strong></span> <span class='ocrx_word' id='word_1_51' title='bbox 1298 974 1372 1014; x_wconf 87' lang='lat' dir='ltr'><strong>mea</strong></span> 
     </span>
     <span class='ocr_line' id='line_1_8' title="bbox 350 1056 1395 1138; baseline -0.001 -17"><span class='ocrx_word' id='word_1_52' title='bbox 350 1063 454 1123; x_wconf 87' lang='lat' dir='ltr'><strong>volicio</strong></span> <span class='ocrx_word' id='word_1_53' title='bbox 470 1075 513 1121; x_wconf 90' lang='lat' dir='ltr'><strong>est</strong></span> <span class='ocrx_word' id='word_1_54' title='bbox 528 1062 652 1138; x_wconf 86' lang='lat' dir='ltr'><strong>impleta.</strong></span> <span class='ocrx_word' id='word_1_55' title='bbox 698 1062 864 1138; x_wconf 88' lang='lat' dir='ltr'><strong>Stephanus</strong></span> <span class='ocrx_word' id='word_1_56' title='bbox 878 1061 996 1137; x_wconf 89' lang='lat' dir='ltr'><strong>quidem</strong></span> <span class='ocrx_word' id='word_1_57' title='bbox 1011 1061 1076 1120; x_wconf 86' lang='lat' dir='ltr'><strong>Act.</strong></span> <span class='ocrx_word' id='word_1_58' title='bbox 1095 1056 1126 1135; x_wconf 83' lang='lat'><strong>7⁰</strong></span> <span class='ocrx_word' id='word_1_59' title='bbox 1139 1061 1264 1136; x_wconf 86' lang='lat' dir='ltr'><strong>negavit</strong></span> <span class='ocrx_word' id='word_1_60' title='bbox 1283 1061 1395 1130; x_wconf 76' lang='lat' dir='ltr'><strong>hanes</strong></span> 
     </span>
     <span class='ocr_line' id='line_1_9' title="bbox 351 1167 1370 1247; baseline -0.003 -17"><span class='ocrx_word' id='word_1_61' title='bbox 351 1170 596 1247; x_wconf 85' lang='lat' dir='ltr'><strong>consequenciam</strong></span> <span class='ocrx_word' id='word_1_62' title='bbox 612 1187 678 1227; x_wconf 88' lang='lat' dir='ltr'><strong>curn</strong></span> <span class='ocrx_word' id='word_1_63' title='bbox 694 1169 766 1227; x_wconf 86' lang='lat' dir='ltr'><strong>dixit</strong></span> <span class='ocrx_word' id='word_1_64' title='bbox 779 1167 889 1245; x_wconf 89' lang='lat' dir='ltr'><strong>Judeos</strong></span> <span class='ocrx_word' id='word_1_65' title='bbox 911 1168 1071 1244; x_wconf 81' lang='lat' dir='ltr'><strong>specialiter</strong></span> <span class='ocrx_word' id='word_1_66' title='bbox 1092 1167 1248 1243; x_wconf 89' lang='lat' dir='ltr'><strong>religiosos</strong></span> <span class='ocrx_word' id='word_1_67' title='bbox 1272 1178 1370 1244; x_wconf 88' lang='lat' dir='ltr'><strong>atque</strong></span> 
     </span>
    </p>

    <p class='ocr_par' dir='ltr' id='par_1_5' title="bbox 142 1274 1369 1387">
     <span class='ocr_line' id='line_1_10' title="bbox 142 1274 1369 1387; baseline -0.002 -50"><span class='ocrx_word' id='word_1_68' title='bbox 142 1295 231 1356; x_wconf 63' lang='lat' dir='ltr'><strong>nesphe</strong></span> <span class='ocrx_word' id='word_1_69' title='bbox 240 1296 276 1337; x_wconf 76' lang='lat' dir='ltr'><strong>ue</strong></span> <span class='ocrx_word' id='word_1_70' title='bbox 285 1296 342 1387; x_wconf 67' lang='lat' dir='ltr'><strong>h⁰0⁰d</strong></span> <span class='ocrx_word' id='word_1_71' title='bbox 351 1278 506 1354; x_wconf 90' lang='lat' dir='ltr'><strong>episcopos</strong></span> <span class='ocrx_word' id='word_1_72' title='bbox 521 1295 588 1352; x_wconf 90' lang='lat' dir='ltr'><strong>sepe</strong></span> <span class='ocrx_word' id='word_1_73' title='bbox 598 1276 735 1334; x_wconf 86' lang='lat' dir='ltr'><strong>voluntati</strong></span> <span class='ocrx_word' id='word_1_74' title='bbox 750 1275 844 1333; x_wconf 88' lang='lat' dir='ltr'><strong>divine</strong></span> <span class='ocrx_word' id='word_1_75' title='bbox 859 1275 1004 1346; x_wconf 89' lang='lat' dir='ltr'><strong>restitisse,</strong></span> <span class='ocrx_word' id='word_1_76' title='bbox 1015 1274 1078 1350; x_wconf 92' lang='lat' dir='ltr'><strong>quis</strong></span> <span class='ocrx_word' id='word_1_77' title='bbox 1092 1292 1164 1350; x_wconf 87' lang='lat' dir='ltr'><strong>ergo</strong></span> <span class='ocrx_word' id='word_1_78' title='bbox 1180 1274 1269 1334; x_wconf 90' lang='lat' dir='ltr'><strong>color</strong></span> <span class='ocrx_word' id='word_1_79' title='bbox 1279 1276 1369 1351; x_wconf 92' lang='lat' dir='ltr'><strong>quod</strong></span> 
     </span>
    </p>
   </div>
   <div class='ocr_carea' id='block_1_5' title="bbox 141 1346 278 1388">
    <p class='ocr_par' dir='ltr' id='par_1_6' title="bbox 141 1346 278 1388">
     <span class='ocr_line' id='line_1_11' title="bbox 141 1346 278 1388; baseline 0 -2"><span class='ocrx_word' id='word_1_80' title='bbox 141 1346 244 1388; x_wconf 82' lang='lat' dir='ltr'><strong>intention</strong></span> <span class='ocrx_word' id='word_1_81' title='bbox 253 1348 278 1387; x_wconf 82' lang='lat' dir='ltr'><strong>oi</strong></span> 
     </span>
    </p>
   </div>
   <div class='ocr_carea' id='block_1_6' title="bbox 140 1380 1368 1499">
    <p class='ocr_par' dir='ltr' id='par_1_7' title="bbox 140 1380 1368 1499">
     <span class='ocr_line' id='line_1_12' title="bbox 140 1380 1368 1499; baseline 0.003 -62"><span class='ocrx_word' id='word_1_82' title='bbox 140 1386 393 1499; x_wconf 58' lang='lat' dir='ltr'><strong>2323&#39;22fflsss3i5⁵⁵i⁰</strong></span> <span class='ocrx_word' id='word_1_83' title='bbox 420 1384 544 1441; x_wconf 86' lang='lat' dir='ltr'><strong>ditantes</strong></span> <span class='ocrx_word' id='word_1_84' title='bbox 569 1382 725 1441; x_wconf 84' lang='lat' dir='ltr'><strong>ecclesiam</strong></span> <span class='ocrx_word' id='word_1_85' title='bbox 749 1381 954 1440; x_wconf 77' lang='lat' dir='ltr'><strong>benefecerunt</strong></span> <span class='ocrx_word' id='word_1_86' title='bbox 978 1400 1046 1440; x_wconf 92' lang='lat' dir='ltr'><strong>cum</strong></span> <span class='ocrx_word' id='word_1_87' title='bbox 1067 1380 1234 1440; x_wconf 91' lang='lat' dir='ltr'><strong>habuerunt</strong></span> <span class='ocrx_word' id='word_1_88' title='bbox 1255 1382 1368 1441; x_wconf 90' lang='lat' dir='ltr'><strong>huius·</strong></span> 
     </span>
    </p>
   </div>
   <div class='ocr_carea' id='block_1_7' title="bbox 140 1487 1477 1559">
    <p class='ocr_par' dir='ltr' id='par_1_8' title="bbox 140 1487 1477 1559">
     <span class='ocr_line' id='line_1_13' title="bbox 140 1487 1477 1559; baseline -0.002 -10"><span class='ocrx_word' id='word_1_89' title='bbox 140 1499 216 1549; x_wconf 64' lang='lat' dir='ltr'><strong>priests</strong></span> <span class='ocrx_word' id='word_1_90' title='bbox 223 1499 284 1539; x_wconf 82' lang='lat' dir='ltr'><strong>when</strong></span> <span class='ocrx_word' id='word_1_91' title='bbox 292 1498 343 1549; x_wconf 79' lang='lat' dir='ltr'><strong>ther</strong></span> <span class='ocrx_word' id='word_1_92' title='bbox 352 1491 431 1549; x_wconf 91' lang='lat' dir='ltr'><strong>modi</strong></span> <span class='ocrx_word' id='word_1_93' title='bbox 446 1490 632 1559; x_wconf 86' lang='lat' dir='ltr'><strong>voluntatem,</strong></span> <span class='ocrx_word' id='word_1_94' title='bbox 647 1489 719 1548; x_wconf 93' lang='lat' dir='ltr'><strong>deus</strong></span> <span class='ocrx_word' id='word_1_95' title='bbox 734 1490 812 1547; x_wconf 92' lang='lat' dir='ltr'><strong>enim</strong></span> <span class='ocrx_word' id='word_1_96' title='bbox 827 1507 886 1547; x_wconf 92' lang='lat' dir='ltr'><strong>non</strong></span> <span class='ocrx_word' id='word_1_97' title='bbox 904 1487 918 1519; x_wconf 84' lang='grc'>*</span> <span class='ocrx_word' id='word_1_98' title='bbox 935 1490 1068 1548; x_wconf 91' lang='lat' dir='ltr'><strong>obstante</strong></span> <span class='ocrx_word' id='word_1_99' title='bbox 1083 1487 1234 1547; x_wconf 86' lang='lat' dir='ltr'><strong>voluntate</strong></span> <span class='ocrx_word' id='word_1_100' title='bbox 1254 1488 1366 1548; x_wconf 92' lang='lat' dir='ltr'><strong>huius·</strong></span> <span class='ocrx_word' id='word_1_101' title='bbox 1375 1502 1410 1550; x_wconf 84' lang='grc' dir='ltr'><strong>Β.</strong></span> <span class='ocrx_word' id='word_1_102' title='bbox 1421 1502 1450 1552; x_wconf 78' lang='grc'><strong>17</strong></span> <span class='ocrx_word' id='word_1_103' title='bbox 1457 1501 1477 1547; x_wconf 83' lang='lat' dir='ltr'><strong>b.</strong></span> 
     </span>
    </p>
   </div>
   <div class='ocr_carea' id='block_1_8' title="bbox 141 1549 326 1593">
    <p class='ocr_par' dir='ltr' id='par_1_9' title="bbox 141 1549 326 1593">
     <span class='ocr_line' id='line_1_14' title="bbox 141 1549 326 1593; baseline 0 -4"><span class='ocrx_word' id='word_1_104' title='bbox 141 1550 180 1593; x_wconf 80' lang='lat' dir='ltr'><strong>sin.</strong></span> <span class='ocrx_word' id='word_1_105' title='bbox 191 1551 233 1590; x_wconf 80' lang='lat' dir='ltr'><strong>and</strong></span> <span class='ocrx_word' id='word_1_106' title='bbox 243 1549 326 1589; x_wconf 86' lang='lat' dir='ltr'><strong>seeulnr</strong></span> 
     </span>
    </p>
   </div>
   <div class='ocr_carea' id='block_1_9' title="bbox 140 1595 1407 1691">
    <p class='ocr_par' dir='ltr' id='par_1_10' title="bbox 140 1595 1407 1691">
     <span class='ocr_line' id='line_1_15' title="bbox 140 1595 1407 1691; baseline -0.003 -35"><span class='ocrx_word' id='word_1_107' title='bbox 140 1600 318 1691; x_wconf 53' lang='lat' dir='ltr'><strong>lergfsffldffis</strong></span> <span class='ocrx_word' id='word_1_108' title='bbox 351 1599 432 1656; x_wconf 92' lang='lat' dir='ltr'><strong>modi</strong></span> <span class='ocrx_word' id='word_1_109' title='bbox 454 1597 619 1673; x_wconf 85' lang='lat' dir='ltr'><strong>inculpabili</strong></span> <span class='ocrx_word' id='word_1_110' title='bbox 643 1597 743 1655; x_wconf 79' lang='lat' dir='ltr'><strong>auffert</strong></span> <span class='ocrx_word' id='word_1_111' title='bbox 769 1596 875 1654; x_wconf 86' lang='lat' dir='ltr'><strong>collata</strong></span> <span class='ocrx_word' id='word_1_112' title='bbox 892 1596 952 1654; x_wconf 92' lang='lat' dir='ltr'><strong>istis</strong></span> <span class='ocrx_word' id='word_1_113' title='bbox 974 1595 1084 1655; x_wconf 91' lang='lat' dir='ltr'><strong>clericis</strong></span> <span class='ocrx_word' id='word_1_114' title='bbox 1105 1613 1174 1654; x_wconf 92' lang='lat' dir='ltr'><strong>cum</strong></span> <span class='ocrx_word' id='word_1_115' title='bbox 1195 1596 1239 1654; x_wconf 93' lang='lat' dir='ltr'><strong>sic</strong></span> <span class='ocrx_word' id='word_1_116' title='bbox 1261 1596 1365 1655; x_wconf 89' lang='lat' dir='ltr'><strong>delin-</strong></span> <span class='ocrx_word' id='word_1_117' title='bbox 1376 1617 1407 1653; x_wconf 89' lang='lat'><strong>10</strong></span> 
     </span>
    </p>
   </div>
   <div class='ocr_carea' id='block_1_10' title="bbox 141 1701 1365 2099">
    <p class='ocr_par' dir='ltr' id='par_1_11' title="bbox 141 1701 1365 2099">
     <span class='ocr_line' id='line_1_16' title="bbox 141 1701 1364 1781; baseline 0.001 -18"><span class='ocrx_word' id='word_1_118' title='bbox 141 1701 222 1742; x_wconf 53' lang='lat' dir='ltr'><strong>detm-</strong></span> <span class='ocrx_word' id='word_1_119' title='bbox 350 1717 452 1781; x_wconf 92' lang='lat' dir='ltr'><strong>quunt,</strong></span> <span class='ocrx_word' id='word_1_120' title='bbox 468 1723 555 1780; x_wconf 88' lang='lat' dir='ltr'><strong>quare</strong></span> <span class='ocrx_word' id='word_1_121' title='bbox 571 1721 642 1779; x_wconf 86' lang='lat' dir='ltr'><strong>ergo</strong></span> <span class='ocrx_word' id='word_1_122' title='bbox 657 1722 717 1762; x_wconf 92' lang='lat' dir='ltr'><strong>non</strong></span> <span class='ocrx_word' id='word_1_123' title='bbox 731 1703 839 1761; x_wconf 91' lang='lat' dir='ltr'><strong>debent</strong></span> <span class='ocrx_word' id='word_1_124' title='bbox 853 1702 893 1760; x_wconf 91' lang='lat' dir='ltr'><strong>sic</strong></span> <span class='ocrx_word' id='word_1_125' title='bbox 910 1703 1020 1761; x_wconf 90' lang='lat' dir='ltr'><strong>domini</strong></span> <span class='ocrx_word' id='word_1_126' title='bbox 1035 1721 1066 1761; x_wconf 89' lang='lat' dir='ltr'><strong>se</strong></span> <span class='ocrx_word' id='word_1_127' title='bbox 1081 1702 1126 1761; x_wconf 91' lang='lat' dir='ltr'><strong>dei</strong></span> <span class='ocrx_word' id='word_1_128' title='bbox 1146 1704 1224 1760; x_wconf 92' lang='lat' dir='ltr'><strong>bene</strong></span> <span class='ocrx_word' id='word_1_129' title='bbox 1246 1702 1364 1778; x_wconf 87' lang='lat' dir='ltr'><strong>placito</strong></span> 
     </span>
     <span class='ocr_line' id='line_1_17' title="bbox 351 1808 1363 1885; baseline 0.002 -17"><span class='ocrx_word' id='word_1_130' title='bbox 351 1810 577 1881; x_wconf 80' lang='lat' dir='ltr'><strong>conformantes,</strong></span> <span class='ocrx_word' id='word_1_131' title='bbox 600 1828 667 1868; x_wconf 93' lang='lat' dir='ltr'><strong>curn</strong></span> <span class='ocrx_word' id='word_1_132' title='bbox 689 1810 719 1867; x_wconf 94' lang='lat' dir='ltr'><strong>in</strong></span> <span class='ocrx_word' id='word_1_133' title='bbox 741 1808 797 1867; x_wconf 93' lang='lat' dir='ltr'><strong>hoc</strong></span> <span class='ocrx_word' id='word_1_134' title='bbox 821 1828 881 1866; x_wconf 92' lang='lat' dir='ltr'><strong>non</strong></span> <span class='ocrx_word' id='word_1_135' title='bbox 900 1810 974 1867; x_wconf 89' lang='lat' dir='ltr'><strong>iacet</strong></span> <span class='ocrx_word' id='word_1_136' title='bbox 988 1809 1107 1867; x_wconf 91' lang='lat' dir='ltr'><strong>evidens</strong></span> <span class='ocrx_word' id='word_1_137' title='bbox 1120 1809 1290 1885; x_wconf 91' lang='lat' dir='ltr'><strong>perieulum</strong></span> <span class='ocrx_word' id='word_1_138' title='bbox 1306 1812 1363 1870; x_wconf 93' lang='lat' dir='ltr'><strong>sed</strong></span> 
     </span>
     <span class='ocr_line' id='line_1_18' title="bbox 352 1915 1365 1992; baseline -0.004 -17"><span class='ocrx_word' id='word_1_139' title='bbox 352 1917 539 1976; x_wconf 81' lang='lat' dir='ltr'><strong>conformitas</strong></span> <span class='ocrx_word' id='word_1_140' title='bbox 558 1917 614 1991; x_wconf 80' lang='lat' dir='ltr'><strong>legi</strong></span> <span class='ocrx_word' id='word_1_141' title='bbox 630 1917 684 1987; x_wconf 89' lang='lat' dir='ltr'><strong>dei,</strong></span> <span class='ocrx_word' id='word_1_142' title='bbox 700 1916 767 1991; x_wconf 86' lang='lat' dir='ltr'><strong>quia</strong></span> <span class='ocrx_word' id='word_1_143' title='bbox 786 1934 846 1974; x_wconf 90' lang='lat' dir='ltr'><strong>non</strong></span> <span class='ocrx_word' id='word_1_144' title='bbox 862 1916 983 1974; x_wconf 90' lang='lat' dir='ltr'><strong>dubium</strong></span> <span class='ocrx_word' id='word_1_145' title='bbox 1004 1916 1074 1991; x_wconf 86' lang='lat' dir='ltr'><strong>quin</strong></span> <span class='ocrx_word' id='word_1_146' title='bbox 1096 1915 1189 1974; x_wconf 90' lang='lat' dir='ltr'><strong>clerus</strong></span> <span class='ocrx_word' id='word_1_147' title='bbox 1212 1915 1245 1973; x_wconf 92' lang='lat' dir='ltr'><strong>in</strong></span> <span class='ocrx_word' id='word_1_148' title='bbox 1266 1935 1365 1992; x_wconf 73' lang='lat' dir='ltr'><strong>apos.</strong></span> 
     </span>
     <span class='ocr_line' id='line_1_19' title="bbox 351 2022 1362 2099; baseline 0.003 -19"><span class='ocrx_word' id='word_1_149' title='bbox 351 2022 417 2080; x_wconf 91' lang='lat' dir='ltr'><strong>tolis</strong></span> <span class='ocrx_word' id='word_1_150' title='bbox 445 2034 473 2080; x_wconf 93' lang='lat' dir='ltr'><strong>et</strong></span> <span class='ocrx_word' id='word_1_151' title='bbox 501 2022 615 2098; x_wconf 83' lang='lat' dir='ltr'><strong>Chrysti</strong></span> <span class='ocrx_word' id='word_1_152' title='bbox 643 2022 791 2098; x_wconf 91' lang='lat' dir='ltr'><strong>discipulis</strong></span> <span class='ocrx_word' id='word_1_153' title='bbox 815 2023 884 2079; x_wconf 84' lang='lat' dir='ltr'><strong>vixit</strong></span> <span class='ocrx_word' id='word_1_154' title='bbox 912 2022 1039 2080; x_wconf 90' lang='lat' dir='ltr'><strong>securius</strong></span> <span class='ocrx_word' id='word_1_155' title='bbox 1068 2032 1154 2099; x_wconf 91' lang='lat' dir='ltr'><strong>atque</strong></span> <span class='ocrx_word' id='word_1_156' title='bbox 1188 2022 1362 2097; x_wconf 85' lang='lat' dir='ltr'><strong>perfeccius</strong></span> 
     </span>
    </p>
   </div>
   <div class='ocr_carea' id='block_1_11' title="bbox 142 2128 1403 3852">
    <p class='ocr_par' dir='ltr' id='par_1_12' title="bbox 142 2128 1403 3852">
     <span class='ocr_line' id='line_1_20' title="bbox 352 2128 1401 2211; baseline 0.004 -25"><span class='ocrx_word' id='word_1_157' title='bbox 352 2128 478 2187; x_wconf 90' lang='lat' dir='ltr'><strong>carendo</strong></span> <span class='ocrx_word' id='word_1_158' title='bbox 507 2129 611 2187; x_wconf 87' lang='lat' dir='ltr'><strong>talibus</strong></span> <span class='ocrx_word' id='word_1_159' title='bbox 639 2129 755 2187; x_wconf 89' lang='lat' dir='ltr'><strong>diutinis</strong></span> <span class='ocrx_word' id='word_1_160' title='bbox 784 2129 951 2188; x_wconf 92' lang='lat' dir='ltr'><strong>elemosinis</strong></span> <span class='ocrx_word' id='word_1_161' title='bbox 977 2147 1066 2204; x_wconf 91' lang='lat' dir='ltr'><strong>quam</strong></span> <span class='ocrx_word' id='word_1_162' title='bbox 1091 2129 1157 2186; x_wconf 90' lang='lat' dir='ltr'><strong>vivit</strong></span> <span class='ocrx_word' id='word_1_163' title='bbox 1179 2129 1226 2187; x_wconf 93' lang='lat' dir='ltr'><strong>vel</strong></span> <span class='ocrx_word' id='word_1_164' title='bbox 1251 2131 1362 2211; x_wconf 84' lang='lat' dir='ltr'><strong>vixerit</strong></span> <span class='ocrx_word' id='word_1_165' title='bbox 1373 2146 1401 2196; x_wconf 86' lang='lat'><strong>15</strong></span> 
     </span>
     <span class='ocr_line' id='line_1_21' title="bbox 142 2340 1363 2456; baseline 0.003 -55"><span class='ocrx_word' id='word_1_166' title='bbox 142 2349 310 2456; x_wconf 49' lang='lat' dir='ltr'><strong>hhihssiupffi</strong></span> <span class='ocrx_word' id='word_1_167' title='bbox 352 2343 452 2402; x_wconf 85' lang='lat' dir='ltr'><strong>culosa</strong></span> <span class='ocrx_word' id='word_1_168' title='bbox 470 2344 551 2401; x_wconf 88' lang='lat' dir='ltr'><strong>daret</strong></span> <span class='ocrx_word' id='word_1_169' title='bbox 572 2343 751 2401; x_wconf 89' lang='lat' dir='ltr'><strong>evidenciam</strong></span> <span class='ocrx_word' id='word_1_170' title='bbox 773 2343 810 2400; x_wconf 94' lang='lat' dir='ltr'><strong>ad</strong></span> <span class='ocrx_word' id='word_1_171' title='bbox 833 2340 1062 2400; x_wconf 86' lang='lat' dir='ltr'><strong>continuandum</strong></span> <span class='ocrx_word' id='word_1_172' title='bbox 1085 2342 1156 2400; x_wconf 87' lang='lat' dir='ltr'><strong>tales</strong></span> <span class='ocrx_word' id='word_1_173' title='bbox 1177 2342 1363 2405; x_wconf 89' lang='lat' dir='ltr'><strong>elemosinas</strong></span> 
     </span>
     <span class='ocr_line' id='line_1_22' title="bbox 143 2506 312 2555; baseline -0.012 -8"><span class='ocrx_word' id='word_1_174' title='bbox 143 2506 273 2547; x_wconf 85' lang='lat' dir='ltr'><strong>maintained</strong></span> <span class='ocrx_word' id='word_1_175' title='bbox 283 2506 312 2555; x_wconf 84' lang='lat' dir='ltr'><strong>by</strong></span> 
     </span>
     <span class='ocr_line' id='line_1_23' title="bbox 142 2555 1362 2634; baseline 0.002 -19"><span class='ocrx_word' id='word_1_176' title='bbox 142 2556 306 2597; x_wconf 59' lang='lat' dir='ltr'><strong>“ssewelsswm</strong></span> <span class='ocrx_word' id='word_1_177' title='bbox 353 2558 481 2633; x_wconf 84' lang='lat' dir='ltr'><strong>arguitur</strong></span> <span class='ocrx_word' id='word_1_178' title='bbox 496 2557 575 2633; x_wconf 93' lang='lat' dir='ltr'><strong>quod</strong></span> <span class='ocrx_word' id='word_1_179' title='bbox 591 2557 631 2615; x_wconf 92' lang='lat' dir='ltr'><strong>sic</strong></span> <span class='ocrx_word' id='word_1_180' title='bbox 648 2557 753 2614; x_wconf 91' lang='lat' dir='ltr'><strong>servari</strong></span> <span class='ocrx_word' id='word_1_181' title='bbox 767 2565 888 2631; x_wconf 92' lang='lat' dir='ltr'><strong>possent</strong></span> <span class='ocrx_word' id='word_1_182' title='bbox 906 2555 1065 2615; x_wconf 90' lang='lat' dir='ltr'><strong>elemosine</strong></span> <span class='ocrx_word' id='word_1_183' title='bbox 1087 2566 1224 2632; x_wconf 91' lang='lat' dir='ltr'><strong>perpetue</strong></span> <span class='ocrx_word' id='word_1_184' title='bbox 1248 2576 1267 2615; x_wconf 85' lang='lat' dir='ltr'><strong>a</strong></span> <span class='ocrx_word' id='word_1_185' title='bbox 1287 2577 1362 2634; x_wconf 92' lang='lat' dir='ltr'><strong>pro-</strong></span> 
     </span>
     <span class='ocr_line' id='line_1_24' title="bbox 142 2657 1403 2749; baseline -0.004 -27"><span class='ocrx_word' id='word_1_186' title='bbox 142 2657 302 2749; x_wconf 43' lang='lat' dir='ltr'><strong>{fflgffl</strong></span> <span class='ocrx_word' id='word_1_187' title='bbox 353 2665 534 2739; x_wconf 86' lang='lat' dir='ltr'><strong>genitoribus</strong></span> <span class='ocrx_word' id='word_1_188' title='bbox 556 2682 695 2722; x_wconf 90' lang='lat' dir='ltr'><strong>concesse</strong></span> <span class='ocrx_word' id='word_1_189' title='bbox 726 2681 778 2740; x_wconf 91' lang='lat' dir='ltr'><strong>per</strong></span> <span class='ocrx_word' id='word_1_190' title='bbox 799 2662 1025 2738; x_wconf 82' lang='lat' dir='ltr'><strong>generacionem</strong></span> <span class='ocrx_word' id='word_1_191' title='bbox 1050 2682 1086 2720; x_wconf 91' lang='lat' dir='ltr'><strong>ex</strong></span> <span class='ocrx_word' id='word_1_192' title='bbox 1112 2663 1158 2720; x_wconf 93' lang='lat' dir='ltr'><strong>dei</strong></span> <span class='ocrx_word' id='word_1_193' title='bbox 1181 2663 1403 2725; x_wconf 84' lang='lat' dir='ltr'><strong>ordinanciaao</strong></span> 
     </span>
     <span class='ocr_line' id='line_1_25' title="bbox 142 2768 1361 2857; baseline 0.002 -29"><span class='ocrx_word' id='word_1_194' title='bbox 142 2771 569 2857; x_wconf 51' lang='lat' dir='ltr'><strong>(ffltheyhave„otsuccedentem</strong></span> <span class='ocrx_word' id='word_1_195' title='bbox 612 2769 676 2828; x_wconf 88' lang='lat' dir='ltr'><strong>Nec</strong></span> <span class='ocrx_word' id='word_1_196' title='bbox 698 2770 776 2827; x_wconf 91' lang='lat' dir='ltr'><strong>enim</strong></span> <span class='ocrx_word' id='word_1_197' title='bbox 796 2769 915 2827; x_wconf 90' lang='lat' dir='ltr'><strong>docetur</strong></span> <span class='ocrx_word' id='word_1_198' title='bbox 932 2768 1012 2844; x_wconf 93' lang='lat' dir='ltr'><strong>quod</strong></span> <span class='ocrx_word' id='word_1_199' title='bbox 1033 2769 1087 2827; x_wconf 92' lang='lat' dir='ltr'><strong>iste</strong></span> <span class='ocrx_word' id='word_1_200' title='bbox 1108 2779 1174 2827; x_wconf 92' lang='lat' dir='ltr'><strong>sunt</strong></span> <span class='ocrx_word' id='word_1_201' title='bbox 1195 2769 1361 2831; x_wconf 91' lang='lat' dir='ltr'><strong>elemosine</strong></span> 
     </span>
     <span class='ocr_line' id='line_1_26' title="bbox 143 2858 294 2898; baseline -0.013 0"><span class='ocrx_word' id='word_1_202' title='bbox 143 2859 180 2898; x_wconf 88' lang='lat' dir='ltr'><strong>the</strong></span> <span class='ocrx_word' id='word_1_203' title='bbox 190 2858 250 2898; x_wconf 86' lang='lat' dir='ltr'><strong>merit</strong></span> <span class='ocrx_word' id='word_1_204' title='bbox 260 2871 294 2896; x_wconf 73' lang='lat' dir='ltr'><strong>as·</strong></span> 
     </span>
     <span class='ocr_line' id='line_1_27' title="bbox 143 2957 1360 3058; baseline 0.003 -19"><span class='ocrx_word' id='word_1_205' title='bbox 143 2957 317 3048; x_wconf 49' lang='lat' dir='ltr'><strong>{2¹33ssssssth</strong></span> <span class='ocrx_word' id='word_1_206' title='bbox 355 2982 568 3057; x_wconf 88' lang='lat' dir='ltr'><strong>dampnacione</strong></span> <span class='ocrx_word' id='word_1_207' title='bbox 590 2991 729 3057; x_wconf 86' lang='lat' dir='ltr'><strong>perpetua</strong></span> <span class='ocrx_word' id='word_1_208' title='bbox 751 2992 817 3039; x_wconf 92' lang='lat' dir='ltr'><strong>sunt</strong></span> <span class='ocrx_word' id='word_1_209' title='bbox 838 2981 973 3057; x_wconf 90' lang='lat' dir='ltr'><strong>exempti,</strong></span> <span class='ocrx_word' id='word_1_210' title='bbox 995 3000 1048 3039; x_wconf 91' lang='lat' dir='ltr'><strong>nec</strong></span> <span class='ocrx_word' id='word_1_211' title='bbox 1072 2982 1150 3058; x_wconf 93' lang='lat' dir='ltr'><strong>quod</strong></span> <span class='ocrx_word' id='word_1_212' title='bbox 1171 2992 1248 3041; x_wconf 93' lang='lat' dir='ltr'><strong>esset</strong></span> <span class='ocrx_word' id='word_1_213' title='bbox 1270 2986 1360 3043; x_wconf 92' lang='lat' dir='ltr'><strong>meri·</strong></span> 
     </span>
     <span class='ocr_line' id='line_1_28' title="bbox 144 3088 1360 3167; baseline -0.001 -18"><span class='ocrx_word' id='word_1_214' title='bbox 144 3108 325 3160; x_wconf 70' lang='lat' dir='ltr'><strong>ienevungnem.</strong></span> <span class='ocrx_word' id='word_1_215' title='bbox 354 3097 460 3146; x_wconf 86' lang='lat' dir='ltr'><strong>tonum</strong></span> <span class='ocrx_word' id='word_1_216' title='bbox 475 3088 663 3164; x_wconf 85' lang='lat' dir='ltr'><strong>generacioni</strong></span> <span class='ocrx_word' id='word_1_217' title='bbox 684 3089 800 3146; x_wconf 93' lang='lat' dir='ltr'><strong>illorum</strong></span> <span class='ocrx_word' id='word_1_218' title='bbox 822 3089 930 3147; x_wconf 89' lang='lat' dir='ltr'><strong>dictam</strong></span> <span class='ocrx_word' id='word_1_219' title='bbox 951 3089 1141 3147; x_wconf 91' lang='lat' dir='ltr'><strong>elemosinam</strong></span> <span class='ocrx_word' id='word_1_220' title='bbox 1163 3107 1278 3148; x_wconf 88' lang='lat' dir='ltr'><strong>servare</strong></span> <span class='ocrx_word' id='word_1_221' title='bbox 1301 3109 1360 3167; x_wconf 92' lang='lat' dir='ltr'><strong>pro</strong></span> 
     </span>
     <span class='ocr_line' id='line_1_29' title="bbox 355 3194 1400 3270; baseline 0.002 -16"><span class='ocrx_word' id='word_1_222' title='bbox 355 3196 467 3255; x_wconf 91' lang='lat' dir='ltr'><strong>morula</strong></span> <span class='ocrx_word' id='word_1_223' title='bbox 487 3197 517 3253; x_wconf 92' lang='lat' dir='ltr'><strong>in</strong></span> <span class='ocrx_word' id='word_1_224' title='bbox 539 3197 592 3255; x_wconf 93' lang='lat' dir='ltr'><strong>hac</strong></span> <span class='ocrx_word' id='word_1_225' title='bbox 615 3196 717 3268; x_wconf 83' lang='lat' dir='ltr'><strong>forma,</strong></span> <span class='ocrx_word' id='word_1_226' title='bbox 741 3215 796 3253; x_wconf 91' lang='lat' dir='ltr'><strong>nec</strong></span> <span class='ocrx_word' id='word_1_227' title='bbox 818 3196 903 3254; x_wconf 92' lang='lat' dir='ltr'><strong>video</strong></span> <span class='ocrx_word' id='word_1_228' title='bbox 925 3214 977 3270; x_wconf 90' lang='lat' dir='ltr'><strong>per</strong></span> <span class='ocrx_word' id='word_1_229' title='bbox 998 3194 1055 3252; x_wconf 93' lang='lat' dir='ltr'><strong>hoc</strong></span> <span class='ocrx_word' id='word_1_230' title='bbox 1084 3195 1275 3268; x_wconf 89' lang='lat' dir='ltr'><strong>evidenciam,</strong></span> <span class='ocrx_word' id='word_1_231' title='bbox 1300 3198 1400 3262; x_wconf 79' lang='lat' dir='ltr'><strong>nisi²5</strong></span> 
     </span>
     <span class='ocr_line' id='line_1_30' title="bbox 356 3408 1360 3489; baseline 0.001 -20"><span class='ocrx_word' id='word_1_232' title='bbox 356 3413 427 3470; x_wconf 91' lang='lat' dir='ltr'><strong>mini</strong></span> <span class='ocrx_word' id='word_1_233' title='bbox 448 3411 519 3489; x_wconf 91' lang='lat' dir='ltr'><strong>Jesu</strong></span> <span class='ocrx_word' id='word_1_234' title='bbox 542 3411 656 3470; x_wconf 91' lang='lat' dir='ltr'><strong>Christi.</strong></span> <span class='ocrx_word' id='word_1_235' title='bbox 709 3411 786 3469; x_wconf 90' lang='lat' dir='ltr'><strong>Cum</strong></span> <span class='ocrx_word' id='word_1_236' title='bbox 808 3427 879 3484; x_wconf 80' lang='lat' dir='ltr'><strong>ergo</strong></span> <span class='ocrx_word' id='word_1_237' title='bbox 902 3409 932 3465; x_wconf 93' lang='lat' dir='ltr'><strong>in</strong></span> <span class='ocrx_word' id='word_1_238' title='bbox 953 3408 1057 3466; x_wconf 92' lang='lat' dir='ltr'><strong>talibus</strong></span> <span class='ocrx_word' id='word_1_239' title='bbox 1079 3428 1147 3485; x_wconf 92' lang='lat' dir='ltr'><strong>pars</strong></span> <span class='ocrx_word' id='word_1_240' title='bbox 1168 3409 1299 3468; x_wconf 89' lang='lat' dir='ltr'><strong>securior</strong></span> <span class='ocrx_word' id='word_1_241' title='bbox 1321 3412 1360 3470; x_wconf 92' lang='lat' dir='ltr'><strong>sit</strong></span> 
     </span>
     <span class='ocr_line' id='line_1_31' title="bbox 355 3515 1358 3594; baseline -0.001 -17"><span class='ocrx_word' id='word_1_242' title='bbox 355 3519 489 3590; x_wconf 90' lang='lat' dir='ltr'><strong>tenenda,</strong></span> <span class='ocrx_word' id='word_1_243' title='bbox 506 3518 615 3576; x_wconf 91' lang='lat' dir='ltr'><strong>videtur</strong></span> <span class='ocrx_word' id='word_1_244' title='bbox 634 3519 713 3594; x_wconf 94' lang='lat' dir='ltr'><strong>quod</strong></span> <span class='ocrx_word' id='word_1_245' title='bbox 734 3518 807 3577; x_wconf 86' lang='lat' dir='ltr'><strong>soret</strong></span> <span class='ocrx_word' id='word_1_246' title='bbox 829 3516 956 3575; x_wconf 89' lang='lat' dir='ltr'><strong>securius</strong></span> <span class='ocrx_word' id='word_1_247' title='bbox 978 3515 1064 3573; x_wconf 90' lang='lat' dir='ltr'><strong>talem</strong></span> <span class='ocrx_word' id='word_1_248' title='bbox 1086 3515 1123 3574; x_wconf 92' lang='lat' dir='ltr'><strong>ad</strong></span> <span class='ocrx_word' id='word_1_249' title='bbox 1144 3516 1358 3590; x_wconf 85' lang='lat' dir='ltr'><strong>evangelicam</strong></span> 
     </span>
     <span class='ocr_line' id='line_1_32' title="bbox 145 3729 1400 3852; baseline 0.001 -64"><span class='ocrx_word' id='word_1_250' title='bbox 145 3749 314 3852; x_wconf 46' lang='lat' dir='ltr'><strong>gffiggiffilffits</strong></span> <span class='ocrx_word' id='word_1_251' title='bbox 355 3730 393 3787; x_wconf 90' lang='lat' dir='ltr'><strong>Et</strong></span> <span class='ocrx_word' id='word_1_252' title='bbox 422 3729 543 3788; x_wconf 92' lang='lat' dir='ltr'><strong>concedi</strong></span> <span class='ocrx_word' id='word_1_253' title='bbox 571 3739 670 3805; x_wconf 91' lang='lat' dir='ltr'><strong>posset</strong></span> <span class='ocrx_word' id='word_1_254' title='bbox 697 3731 778 3805; x_wconf 91' lang='lat' dir='ltr'><strong>quod</strong></span> <span class='ocrx_word' id='word_1_255' title='bbox 808 3730 951 3789; x_wconf 87' lang='lat' dir='ltr'><strong>seculares</strong></span> <span class='ocrx_word' id='word_1_256' title='bbox 980 3729 1090 3788; x_wconf 93' lang='lat' dir='ltr'><strong>domini</strong></span> <span class='ocrx_word' id='word_1_257' title='bbox 1123 3740 1298 3788; x_wconf 90' lang='lat' dir='ltr'><strong>conservent</strong></span> <span class='ocrx_word' id='word_1_258' title='bbox 1327 3741 1358 3789; x_wconf 92' lang='lat' dir='ltr'><strong>et</strong></span> <span class='ocrx_word' id='word_1_259' title='bbox 1367 3744 1400 3794; x_wconf 84' lang='grc' dir='ltr'><strong>3ο</strong></span> 
     </span>
    </p>
   </div>
   <div class='ocr_carea' id='block_1_12' title="bbox 142 2235 1362 3912">
    <p class='ocr_par' dir='ltr' id='par_1_13' title="bbox 142 2235 1362 3108">
     <span class='ocr_line' id='line_1_33' title="bbox 353 2235 1362 2312; baseline 0.002 -18"><span class='ocrx_word' id='word_1_260' title='bbox 353 2235 446 2294; x_wconf 86' lang='lat' dir='ltr'><strong>clerus</strong></span> <span class='ocrx_word' id='word_1_261' title='bbox 468 2245 572 2294; x_wconf 90' lang='lat' dir='ltr'><strong>noster.</strong></span> <span class='ocrx_word' id='word_1_262' title='bbox 624 2235 697 2307; x_wconf 89' lang='lat' dir='ltr'><strong>Quis</strong></span> <span class='ocrx_word' id='word_1_263' title='bbox 719 2255 789 2311; x_wconf 78' lang='lat' dir='ltr'><strong>ergo</strong></span> <span class='ocrx_word' id='word_1_264' title='bbox 815 2235 924 2294; x_wconf 82' lang='lat' dir='ltr'><strong>fructus</strong></span> <span class='ocrx_word' id='word_1_265' title='bbox 945 2235 1099 2312; x_wconf 85' lang='lat' dir='ltr'><strong>spiritualis</strong></span> <span class='ocrx_word' id='word_1_266' title='bbox 1120 2235 1165 2294; x_wconf 92' lang='lat' dir='ltr'><strong>vel</strong></span> <span class='ocrx_word' id='word_1_267' title='bbox 1186 2235 1245 2294; x_wconf 87' lang='lat' dir='ltr'><strong>vita</strong></span> <span class='ocrx_word' id='word_1_268' title='bbox 1267 2238 1362 2296; x_wconf 90' lang='lat' dir='ltr'><strong>mira-</strong></span> 
     </span>
     <span class='ocr_line' id='line_1_34' title="bbox 142 2448 1361 2526; baseline 0.002 -18"><span class='ocrx_word' id='word_1_269' title='bbox 142 2458 196 2497; x_wconf 77' lang='lat' dir='ltr'><strong>atms</strong></span> <span class='ocrx_word' id='word_1_270' title='bbox 205 2469 245 2497; x_wconf 74' lang='lat' dir='ltr'><strong>can</strong></span> <span class='ocrx_word' id='word_1_271' title='bbox 254 2456 280 2496; x_wconf 78' lang='lat' dir='ltr'><strong>be</strong></span> <span class='ocrx_word' id='word_1_272' title='bbox 354 2451 394 2509; x_wconf 93' lang='lat' dir='ltr'><strong>sic</strong></span> <span class='ocrx_word' id='word_1_273' title='bbox 409 2451 557 2526; x_wconf 86' lang='lat' dir='ltr'><strong>inceptas?</strong></span> <span class='ocrx_word' id='word_1_274' title='bbox 584 2449 623 2507; x_wconf 90' lang='lat' dir='ltr'><strong>Et</strong></span> <span class='ocrx_word' id='word_1_275' title='bbox 637 2459 715 2525; x_wconf 85' lang='lat' dir='ltr'><strong>patet</strong></span> <span class='ocrx_word' id='word_1_276' title='bbox 729 2448 860 2507; x_wconf 91' lang='lat' dir='ltr'><strong>defectus</strong></span> <span class='ocrx_word' id='word_1_277' title='bbox 875 2449 991 2525; x_wconf 87' lang='lat' dir='ltr'><strong>argucie</strong></span> <span class='ocrx_word' id='word_1_278' title='bbox 1006 2450 1220 2524; x_wconf 83' lang='lat' dir='ltr'><strong>consequentis,</strong></span> <span class='ocrx_word' id='word_1_279' title='bbox 1233 2452 1361 2525; x_wconf 89' lang='lat' dir='ltr'><strong>quando</strong></span> 
     </span>
     <span class='ocr_line' id='line_1_35' title="bbox 143 2606 327 2649; baseline -0.016 0"><span class='ocrx_word' id='word_1_280' title='bbox 143 2607 261 2649; x_wconf 86' lang='lat' dir='ltr'><strong>successive</strong></span> <span class='ocrx_word' id='word_1_281' title='bbox 271 2606 327 2647; x_wconf 86' lang='lat' dir='ltr'><strong>heirs</strong></span> 
     </span>
     <span class='ocr_line' id='line_1_36' title="bbox 142 2758 321 2809; baseline -0.006 -11"><span class='ocrx_word' id='word_1_282' title='bbox 142 2758 252 2809; x_wconf 81' lang='lat' dir='ltr'><strong>perpetual</strong></span> <span class='ocrx_word' id='word_1_283' title='bbox 261 2759 321 2805; x_wconf 85' lang='lat' dir='ltr'><strong>alms,</strong></span> 
     </span>
     <span class='ocr_line' id='line_1_37' title="bbox 143 2875 1362 2952; baseline 0.003 -19"><span class='ocrx_word' id='word_1_284' title='bbox 143 2907 308 2948; x_wconf 82' lang='lat' dir='ltr'><strong>cribedtosuch</strong></span> <span class='ocrx_word' id='word_1_285' title='bbox 354 2885 494 2952; x_wconf 89' lang='lat' dir='ltr'><strong>perpetue</strong></span> <span class='ocrx_word' id='word_1_286' title='bbox 516 2876 634 2933; x_wconf 86' lang='lat' dir='ltr'><strong>fundate</strong></span> <span class='ocrx_word' id='word_1_287' title='bbox 663 2893 680 2932; x_wconf 85' lang='lat' dir='ltr'><strong>a</strong></span> <span class='ocrx_word' id='word_1_288' title='bbox 709 2876 951 2951; x_wconf 87' lang='lat' dir='ltr'><strong>progenitoribus,</strong></span> <span class='ocrx_word' id='word_1_289' title='bbox 972 2893 1026 2933; x_wconf 91' lang='lat' dir='ltr'><strong>nec</strong></span> <span class='ocrx_word' id='word_1_290' title='bbox 1047 2875 1127 2950; x_wconf 94' lang='lat' dir='ltr'><strong>quod</strong></span> <span class='ocrx_word' id='word_1_291' title='bbox 1148 2876 1186 2932; x_wconf 93' lang='lat' dir='ltr'><strong>illi</strong></span> <span class='ocrx_word' id='word_1_292' title='bbox 1207 2877 1318 2936; x_wconf 86' lang='lat' dir='ltr'><strong>exinde</strong></span> <span class='ocrx_word' id='word_1_293' title='bbox 1341 2897 1362 2937; x_wconf 87' lang='lat' dir='ltr'><strong>a</strong></span> 
     </span>
     <span class='ocr_line' id='line_1_38' title="bbox 144 3057 407 3108; baseline 0.008 -10"><span class='ocrx_word' id='word_1_294' title='bbox 144 3058 237 3108; x_wconf 87' lang='lat' dir='ltr'><strong>nogood</strong></span> <span class='ocrx_word' id='word_1_295' title='bbox 247 3057 336 3098; x_wconf 84' lang='lat' dir='ltr'><strong>werkin</strong></span> <span class='ocrx_word' id='word_1_296' title='bbox 402 3089 407 3100; x_wconf 91' lang='lat'><strong>.</strong></span> 
     </span>
    </p>

    <p class='ocr_par' dir='ltr' id='par_1_14' title="bbox 354 3301 1357 3380">
     <span class='ocr_line' id='line_1_39' title="bbox 354 3301 1357 3380; baseline 0 -18"><span class='ocrx_word' id='word_1_297' title='bbox 354 3304 434 3380; x_wconf 93' lang='lat' dir='ltr'><strong>quod</strong></span> <span class='ocrx_word' id='word_1_298' title='bbox 450 3304 494 3363; x_wconf 92' lang='lat' dir='ltr'><strong>isti</strong></span> <span class='ocrx_word' id='word_1_299' title='bbox 509 3304 618 3362; x_wconf 92' lang='lat' dir='ltr'><strong>domini</strong></span> <span class='ocrx_word' id='word_1_300' title='bbox 634 3304 664 3360; x_wconf 94' lang='lat' dir='ltr'><strong>in</strong></span> <span class='ocrx_word' id='word_1_301' title='bbox 684 3303 740 3362; x_wconf 90' lang='lat' dir='ltr'><strong>hoe</strong></span> <span class='ocrx_word' id='word_1_302' title='bbox 760 3303 904 3361; x_wconf 89' lang='lat' dir='ltr'><strong>excedunt</strong></span> <span class='ocrx_word' id='word_1_303' title='bbox 924 3311 952 3359; x_wconf 92' lang='lat' dir='ltr'><strong>et</strong></span> <span class='ocrx_word' id='word_1_304' title='bbox 974 3301 1121 3360; x_wconf 89' lang='lat' dir='ltr'><strong>declinant</strong></span> <span class='ocrx_word' id='word_1_305' title='bbox 1141 3321 1159 3360; x_wconf 89' lang='lat' dir='ltr'><strong>a</strong></span> <span class='ocrx_word' id='word_1_306' title='bbox 1179 3302 1281 3378; x_wconf 85' lang='lat' dir='ltr'><strong>regula</strong></span> <span class='ocrx_word' id='word_1_307' title='bbox 1303 3303 1357 3362; x_wconf 95' lang='lat' dir='ltr'><strong>do-</strong></span> 
     </span>
    </p>

    <p class='ocr_par' dir='ltr' id='par_1_15' title="bbox 146 3621 1359 3912">
     <span class='ocr_line' id='line_1_40' title="bbox 356 3621 1357 3701; baseline 0 -19"><span class='ocrx_word' id='word_1_308' title='bbox 356 3633 553 3701; x_wconf 82' lang='lat' dir='ltr'><strong>paupertatem</strong></span> <span class='ocrx_word' id='word_1_309' title='bbox 569 3625 740 3699; x_wconf 88' lang='lat' dir='ltr'><strong>restringere</strong></span> <span class='ocrx_word' id='word_1_310' title='bbox 756 3633 784 3681; x_wconf 92' lang='lat' dir='ltr'><strong>et</strong></span> <span class='ocrx_word' id='word_1_311' title='bbox 798 3643 858 3681; x_wconf 94' lang='lat' dir='ltr'><strong>non</strong></span> <span class='ocrx_word' id='word_1_312' title='bbox 874 3622 1016 3681; x_wconf 85' lang='lat' dir='ltr'><strong>excedere</strong></span> <span class='ocrx_word' id='word_1_313' title='bbox 1031 3622 1136 3681; x_wconf 90' lang='lat' dir='ltr'><strong>limites</strong></span> <span class='ocrx_word' id='word_1_314' title='bbox 1151 3623 1221 3700; x_wconf 90' lang='lat' dir='ltr'><strong>Jesu</strong></span> <span class='ocrx_word' id='word_1_315' title='bbox 1236 3621 1357 3682; x_wconf 91' lang='lat' dir='ltr'><strong>Christi.</strong></span> 
     </span>
     <span class='ocr_line' id='line_1_41' title="bbox 146 3834 1359 3912; baseline 0.002 -19"><span class='ocrx_word' id='word_1_316' title='bbox 146 3850 341 3903; x_wconf 78' lang='lat' dir='ltr'><strong>wouldbewilting</strong></span> <span class='ocrx_word' id='word_1_317' title='bbox 357 3836 495 3912; x_wconf 84' lang='lat' dir='ltr'><strong>colligant</strong></span> <span class='ocrx_word' id='word_1_318' title='bbox 515 3836 552 3894; x_wconf 93' lang='lat' dir='ltr'><strong>ad</strong></span> <span class='ocrx_word' id='word_1_319' title='bbox 572 3855 641 3896; x_wconf 94' lang='lat' dir='ltr'><strong>usus</strong></span> <span class='ocrx_word' id='word_1_320' title='bbox 662 3838 728 3895; x_wconf 89' lang='lat' dir='ltr'><strong>cleri</strong></span> <span class='ocrx_word' id='word_1_321' title='bbox 749 3856 854 3896; x_wconf 91' lang='lat' dir='ltr'><strong>omnes</strong></span> <span class='ocrx_word' id='word_1_322' title='bbox 875 3837 1003 3895; x_wconf 91' lang='lat' dir='ltr'><strong>redditus</strong></span> <span class='ocrx_word' id='word_1_323' title='bbox 1024 3837 1095 3894; x_wconf 91' lang='lat' dir='ltr'><strong>istos</strong></span> <span class='ocrx_word' id='word_1_324' title='bbox 1117 3837 1175 3893; x_wconf 91' lang='lat' dir='ltr'><strong>sive</strong></span> <span class='ocrx_word' id='word_1_325' title='bbox 1196 3834 1307 3895; x_wconf 83' lang='lat' dir='ltr'><strong>fructus</strong></span> <span class='ocrx_word' id='word_1_326' title='bbox 1328 3849 1359 3895; x_wconf 94' lang='lat' dir='ltr'><strong>et</strong></span> 
     </span>
    </p>
   </div>
   <div class='ocr_carea' id='block_1_13' title="bbox 355 3974 1357 4417">
    <p class='ocr_par' dir='ltr' id='par_1_16' title="bbox 355 3974 1357 4417">
     <span class='ocr_line' id='line_1_42' title="bbox 390 3974 1357 4041; baseline -0.001 -15"><span class='ocrx_word' id='word_1_327' title='bbox 390 3977 612 4037; x_wconf 81' lang='lat' dir='ltr'><strong>a.suerint,om.C.</strong></span> <span class='ocrx_word' id='word_1_328' title='bbox 679 3991 701 4039; x_wconf 84' lang='lat'><strong>3.</strong></span> <span class='ocrx_word' id='word_1_329' title='bbox 716 3979 808 4038; x_wconf 91' lang='lat' dir='ltr'><strong>vivant,</strong></span> <span class='ocrx_word' id='word_1_330' title='bbox 821 3990 846 4026; x_wconf 80' lang='lat' dir='ltr'><strong>u.</strong></span> <span class='ocrx_word' id='word_1_331' title='bbox 913 3994 937 4040; x_wconf 87' lang='lat'><strong>4.</strong></span> <span class='ocrx_word' id='word_1_332' title='bbox 956 3977 983 4037; x_wconf 90' lang='lat' dir='ltr'><strong>si,</strong></span> <span class='ocrx_word' id='word_1_333' title='bbox 992 3977 1094 4040; x_wconf 79' lang='lat' dir='ltr'><strong>presio,</strong></span> <span class='ocrx_word' id='word_1_334' title='bbox 1108 3988 1133 4025; x_wconf 81' lang='lat' dir='ltr'><strong>C.</strong></span> <span class='ocrx_word' id='word_1_335' title='bbox 1200 3974 1224 4024; x_wconf 90' lang='lat'><strong>6.</strong></span> <span class='ocrx_word' id='word_1_336' title='bbox 1241 3977 1357 4041; x_wconf 87' lang='lat' dir='ltr'><strong>etspeci-</strong></span> 
     </span>
     <span class='ocr_line' id='line_1_43' title="bbox 355 4051 1357 4120; baseline -0.001 -14"><span class='ocrx_word' id='word_1_337' title='bbox 355 4057 433 4115; x_wconf 87' lang='lat' dir='ltr'><strong>aliter,</strong></span> <span class='ocrx_word' id='word_1_338' title='bbox 449 4067 471 4115; x_wconf 85' lang='grc' dir='ltr'><strong>Β,</strong></span> <span class='ocrx_word' id='word_1_339' title='bbox 483 4067 506 4106; x_wconf 80' lang='lat' dir='ltr'><strong>c,</strong></span> <span class='ocrx_word' id='word_1_340' title='bbox 585 4067 607 4120; x_wconf 86' lang='lat'><strong>7.</strong></span> <span class='ocrx_word' id='word_1_341' title='bbox 625 4070 728 4118; x_wconf 84' lang='lat' dir='ltr'><strong>semper,</strong></span> <span class='ocrx_word' id='word_1_342' title='bbox 735 4063 784 4118; x_wconf 81' lang='lat' dir='ltr'><strong>pro</strong></span> <span class='ocrx_word' id='word_1_343' title='bbox 795 4071 861 4119; x_wconf 87' lang='lat' dir='ltr'><strong>sepe,</strong></span> <span class='ocrx_word' id='word_1_344' title='bbox 871 4066 894 4104; x_wconf 87' lang='lat' dir='ltr'><strong>e.</strong></span> <span class='ocrx_word' id='word_1_345' title='bbox 979 4067 1016 4103; x_wconf 91' lang='lat'><strong>10.</strong></span> <span class='ocrx_word' id='word_1_346' title='bbox 1035 4054 1100 4113; x_wconf 91' lang='lat' dir='ltr'><strong>dum,</strong></span> <span class='ocrx_word' id='word_1_347' title='bbox 1109 4060 1159 4116; x_wconf 84' lang='lat' dir='ltr'><strong>pro</strong></span> <span class='ocrx_word' id='word_1_348' title='bbox 1170 4068 1226 4102; x_wconf 90' lang='lat' dir='ltr'><strong>curn</strong></span> <span class='ocrx_word' id='word_1_349' title='bbox 1237 4051 1280 4112; x_wconf 89' lang='lat' dir='ltr'><strong>sic,</strong></span> <span class='ocrx_word' id='word_1_350' title='bbox 1295 4065 1320 4113; x_wconf 80' lang='lat' dir='ltr'><strong>tt,</strong></span> <span class='ocrx_word' id='word_1_351' title='bbox 1332 4066 1357 4105; x_wconf 82' lang='lat' dir='ltr'><strong>e.</strong></span> 
     </span>
     <span class='ocr_line' id='line_1_44' title="bbox 357 4128 1356 4196; baseline -0.003 -13"><span class='ocrx_word' id='word_1_352' title='bbox 357 4149 396 4185; x_wconf 87' lang='lat'><strong>11.</strong></span> <span class='ocrx_word' id='word_1_353' title='bbox 414 4150 463 4183; x_wconf 93' lang='lat' dir='ltr'><strong>non</strong></span> <span class='ocrx_word' id='word_1_354' title='bbox 474 4135 508 4182; x_wconf 89' lang='lat' dir='ltr'><strong>al.</strong></span> <span class='ocrx_word' id='word_1_355' title='bbox 520 4149 588 4183; x_wconf 85' lang='lat' dir='ltr'><strong>man.</strong></span> <span class='ocrx_word' id='word_1_356' title='bbox 602 4134 630 4182; x_wconf 84' lang='lat' dir='ltr'><strong>in</strong></span> <span class='ocrx_word' id='word_1_357' title='bbox 643 4148 721 4196; x_wconf 83' lang='lat' dir='ltr'><strong>marg.</strong></span> <span class='ocrx_word' id='word_1_358' title='bbox 735 4133 802 4192; x_wconf 57' lang='lat'><strong>8513.</strong></span> <span class='ocrx_word' id='word_1_359' title='bbox 856 4133 889 4180; x_wconf 89' lang='lat' dir='ltr'><strong>al.</strong></span> <span class='ocrx_word' id='word_1_360' title='bbox 902 4147 970 4180; x_wconf 85' lang='lat' dir='ltr'><strong>man.</strong></span> <span class='ocrx_word' id='word_1_361' title='bbox 983 4132 1018 4192; x_wconf 73' lang='lat' dir='ltr'><strong>sp.</strong></span> <span class='ocrx_word' id='word_1_362' title='bbox 1032 4129 1194 4196; x_wconf 82' lang='lat' dir='ltr'><strong>(=supple?)</strong></span> <span class='ocrx_word' id='word_1_363' title='bbox 1207 4128 1316 4190; x_wconf 83' lang='lat' dir='ltr'><strong>aufferre,</strong></span> <span class='ocrx_word' id='word_1_364' title='bbox 1331 4143 1356 4180; x_wconf 77' lang='grc' dir='ltr'><strong>Β.</strong></span> 
     </span>
     <span class='ocr_line' id='line_1_45' title="bbox 358 4207 1357 4273; baseline -0.004 -12"><span class='ocrx_word' id='word_1_365' title='bbox 358 4227 396 4262; x_wconf 88' lang='lat'><strong>12.</strong></span> <span class='ocrx_word' id='word_1_366' title='bbox 414 4212 545 4271; x_wconf 91' lang='lat' dir='ltr'><strong>evidenter,</strong></span> <span class='ocrx_word' id='word_1_367' title='bbox 559 4223 582 4271; x_wconf 83' lang='lat' dir='ltr'><strong>u,</strong></span> <span class='ocrx_word' id='word_1_368' title='bbox 594 4224 618 4261; x_wconf 94' lang='lat' dir='ltr'><strong>c.</strong></span> <span class='ocrx_word' id='word_1_369' title='bbox 728 4223 764 4271; x_wconf 81' lang='lat'><strong>13.</strong></span> <span class='ocrx_word' id='word_1_370' title='bbox 782 4209 839 4273; x_wconf 88' lang='lat' dir='ltr'><strong>legi,</strong></span> <span class='ocrx_word' id='word_1_371' title='bbox 853 4221 878 4269; x_wconf 77' lang='lat' dir='ltr'><strong>u,</strong></span> <span class='ocrx_word' id='word_1_372' title='bbox 888 4221 911 4268; x_wconf 91' lang='lat' dir='ltr'><strong>e,</strong></span> <span class='ocrx_word' id='word_1_373' title='bbox 925 4209 994 4272; x_wconf 84' lang='lat' dir='ltr'><strong>legis,</strong></span> <span class='ocrx_word' id='word_1_374' title='bbox 1006 4209 1040 4257; x_wconf 80' lang='lat'><strong>1³¹.</strong></span> <span class='ocrx_word' id='word_1_375' title='bbox 1161 4221 1197 4271; x_wconf 89' lang='lat'><strong>15.</strong></span> <span class='ocrx_word' id='word_1_376' title='bbox 1214 4207 1318 4267; x_wconf 85' lang='lat' dir='ltr'><strong>vixerat,</strong></span> <span class='ocrx_word' id='word_1_377' title='bbox 1332 4220 1357 4257; x_wconf 82' lang='lat' dir='ltr'><strong>rt.</strong></span> 
     </span>
     <span class='ocr_line' id='line_1_46' title="bbox 358 4285 1356 4352; baseline -0.005 -13"><span class='ocrx_word' id='word_1_378' title='bbox 358 4291 396 4339; x_wconf 92' lang='lat'><strong>18.</strong></span> <span class='ocrx_word' id='word_1_379' title='bbox 413 4298 457 4349; x_wconf 87' lang='lat' dir='ltr'><strong>est,</strong></span> <span class='ocrx_word' id='word_1_380' title='bbox 464 4296 513 4352; x_wconf 79' lang='lat' dir='ltr'><strong>pro</strong></span> <span class='ocrx_word' id='word_1_381' title='bbox 525 4297 599 4352; x_wconf 89' lang='lat' dir='ltr'><strong>patet,</strong></span> <span class='ocrx_word' id='word_1_382' title='bbox 614 4303 637 4339; x_wconf 94' lang='lat' dir='ltr'><strong>c.</strong></span> <span class='ocrx_word' id='word_1_383' title='bbox 751 4288 789 4337; x_wconf 81' lang='lat'><strong>26.</strong></span> <span class='ocrx_word' id='word_1_384' title='bbox 807 4286 911 4346; x_wconf 90' lang='lat' dir='ltr'><strong>domini,</strong></span> <span class='ocrx_word' id='word_1_385' title='bbox 923 4302 969 4335; x_wconf 77' lang='lat' dir='ltr'><strong>ont.</strong></span> <span class='ocrx_word' id='word_1_386' title='bbox 983 4298 1006 4344; x_wconf 85' lang='grc' dir='ltr'><strong>Β,</strong></span> <span class='ocrx_word' id='word_1_387' title='bbox 1018 4299 1041 4335; x_wconf 85' lang='lat' dir='ltr'><strong>c.</strong></span> <span class='ocrx_word' id='word_1_388' title='bbox 1147 4300 1186 4348; x_wconf 79' lang='lat'><strong>31.</strong></span> <span class='ocrx_word' id='word_1_389' title='bbox 1204 4286 1266 4334; x_wconf 87' lang='lat' dir='ltr'><strong>istos</strong></span> <span class='ocrx_word' id='word_1_390' title='bbox 1277 4285 1356 4347; x_wconf 80' lang='lat' dir='ltr'><strong>redd,</strong></span> 
     </span>
     <span class='ocr_line' id='line_1_47' title="bbox 356 4369 512 4417; baseline -0.006 -1"><span class='ocrx_word' id='word_1_391' title='bbox 356 4369 512 4417; x_wconf 81' lang='lat' dir='ltr'><strong>ord.inv.1t.</strong></span> 
     </span>
    </p>
   </div>
   <div class='ocr_carea' id='block_1_14' title="bbox 0 0 1532 5272">
    <p class='ocr_par' dir='ltr' id='par_1_17' title="bbox 0 0 1532 5272">
     <span class='ocr_line' id='line_1_48' title="bbox 0 0 1532 5272; baseline 0 0"><span class='ocrx_word' id='word_1_392' title='bbox 0 0 1532 5272; x_wconf 95' lang='lat' dir='ltr'><strong> </strong></span> 
     </span>
    </p>
   </div>
  </div>
 </body>
</html>
