3038 5272
451 499 645 550 SPECULUM
668 498 842 550 ECCLESIE
867 497 1096 548 MILITANTIS.

273 688 333 735 tam
361 676 432 735 dure
459 677 623 754 reprobavit
651 676 708 737 hoc
738 688 891 754 peccatum
919 676 950 733 in
978 676 1178 736 sacerdotibus
1202 677 1285 754 legis

274 785 385 854 veteriS,
400 784 549 860 quomodo
566 785 748 846 sacerdotem
765 785 838 861 legis
854 785 952 861 gracie
971 803 1047 844 nove
1068 794 1166 844 movet
1179 786 1284 845 redire

64 905 257 998 mamare
274 889 312 948 ad
326 889 434 950 dictam
444 892 599 950 avariciam
614 893 689 951 sicut
700 892 780 951 canis
791 890 864 950 redit
878 889 916 949 ad
927 891 1089 950 vomitum?
1117 891 1184 969 Jam
1194 893 1282 952 enim

64 1006 117 1048 mm
126 1020 181 1048 ονει
274 998 339 1075 plus
353 997 480 1057 ditantur
494 1009 523 1058 et
537 998 694 1075 gloriantur
715 1000 745 1055 in
763 998 863 1057 seculo
878 998 973 1057 clerici
987 1008 1016 1056 et
1030 998 1160 1074 precipui
1175 1015 1281 1057 sacer-

273 1103 357 1164 dotes
385 1122 475 1180 quam
503 1104 668 1163 ditabantur
696 1103 740 1162 vel
768 1103 965 1180 gloriabantur
992 1104 1024 1161 in
1048 1103 1147 1162 s'eculo
1178 1104 1312 1178 scribes

273 1210 398 1287 pharisei
412 1211 456 1269 vel
470 1211 616 1288 principes
631 1210 825 1269 sacerdotum.
868 1209 949 1280 Ideo,
965 1227 1034 1268 cum
1048 1219 1129 1269 tanta
1144 1211 1179 1269 sit
1194 1213 1283 1271 racio

273 1317 505 1393 perpetuacionis
519 1316 605 1394 hujus
619 1316 691 1392 legis
704 1316 810 1375 Christi
825 1326 857 1375 ut
865 1327 944 1394 patet
959 1316 996 1375 de
1010 1326 1085 1376 statu
1099 1317 1281 1379 innocencie

64 1433 162 1536 griffi
166 1434 221 1526 percu}
229 1434 265 1475 the
274 1431 303 1481 et
318 1433 394 1482 statu
407 1424 507 1499 glorie,
522 1433 602 1501 patet
617 1423 696 1500 quod
716 1425 772 1482 ista
792 1424 839 1482 lex
860 1422 965 1482 Christi
986 1422 1072 1482 debet
1093 1424 1231 1501 precipue
1245 1425 1281 1484 in

64 1536 240 1637 thavtesshtyegpguffi
274 1530 436 1590 novissimis
457 1531 636 1608 temporibus
664 1531 827 1601 observari;
857 1540 926 1588 tunc
947 1530 1026 1588 enim
1047 1529 1180 1589 diabolus
1208 1531 1283 1607 plus

100 1638 209 1680 ⁰b⁵01v0d2
275 1647 397 1713 temptat
411 1637 545 1696 homines
559 1637 598 1696 ad
616 1638 778 1696 avariciam.
822 1637 895 1695 Ideo
913 1646 957 1695 est
970 1637 1063 1712 magis
1078 1638 1280 1697 necessarium
1295 1657 1330 1694 10

274 1745 304 1802 in
327 1745 415 1814 clero,
438 1745 488 1819 qui
508 1744 594 1802 debet
614 1762 678 1803 esse
698 1744 851 1822 speculum
873 1743 983 1820 populi,
1009 1763 1158 1821 apponere
1182 1745 1282 1803 medi-

275 1852 381 1909 cinam.
424 1849 491 1920 Que
510 1869 581 1927 ergo
596 1851 683 1918 raci0,
699 1869 767 1910 cum
784 1851 872 1909 hodie
890 1860 1004 1910 tantum
1018 1851 1182 1912 dominatur
1194 1854 1282 1930 cupi·

275 1955 350 2014 ditas
371 1974 461 2032 quare
476 1955 582 2014 Christi
596 1957 749 2032 pauperies
763 1967 876 2015 tantum
890 1958 1059 2033 deprimitur
1072 1968 1103 2018 et
1117 1957 1281 2019 antichristi

275 2061 369 2119 rabies
378 2071 492 2119 tantum
503 2061 669 2121 extollitur?
701 2061 854 2138 Numquid
866 2064 945 2124 racio
957 2065 1117 2124 concordat
1125 2064 1204 2141 quod
1220 2065 1280 2126 hec

64 2177 96 2270 1Ιὲ
96 2175 235 2269 tcihmretesclelll
243 2183 266 2219 to
275 2169 322 2226 lerr
337 2168 442 2227 Christi
457 2169 487 2226 in
500 2169 617 2227 racione
628 2169 788 2246 exemplari
799 2180 897 2229 eterna
911 2170 946 2230 sit
957 2191 1009 2247 per
1023 2181 1166 2232 trecentos
1181 2190 1280 2232 annos
1293 2194 1327 2246 15

64 2278 261 2371 {ffirsssgrflffl
275 2276 479 2336 tantummodo
494 2277 646 2337 observata
659 2287 688 2336 et
701 2278 748 2336 lex
764 2278 980 2337 antichristiana
999 2281 1141 2339 contraria
1156 2281 1186 2337 in
1201 2290 1279 2338 tem-

64 2397 262 2540 {pssirtnffirenms
274 2387 395 2462 poribus
417 2396 477 2445 tam
499 2386 667 2461 periculosis
688 2387 723 2444 sit
743 2396 919 2462 perpetuata.
962 2387 1046 2445 Idem
1068 2389 1147 2445 enim
1168 2396 1211 2446 est
1234 2389 1278 2446 sic

65 2500 207 2592 lgfflabove
274 2493 370 2552 dicere
389 2504 418 2551 et
438 2493 575 2551 extollere
597 2491 746 2551 diabolum
768 2510 855 2567 supra
877 2493 1034 2562 Christum,
1051 2513 1085 2551 ac
1108 2495 1131 2551 si
1152 2492 1279 2553 infidelis

275 2609 415 2658 annueret
429 2598 508 2674 quod
523 2597 570 2655 lex
593 2597 699 2654 Christi
719 2606 779 2653 tam
801 2597 964 2654 necessaria
981 2605 1009 2653 et
1024 2597 1146 2654 salubris
1161 2599 1280 2657 durabit

275 2705 313 2763 ad
327 2705 429 2763 horam
451 2706 505 2762 sub
527 2703 624 2762 colore
640 2700 655 2732 *
671 2702 758 2759 divini
780 2701 961 2775 beneplaciti,
977 2700 1028 2758 sed
1048 2700 1095 2757 lex
1115 2700 1279 2760 antichristi
1293 2727 1331 2764 20
1343 2717 1417 2765 aba

274 2810 362 2886 plena
396 2828 511 2868 veneno
544 2819 630 2883 atque
658 2807 805 2866 mortifera
833 2806 916 2865 duret
944 2816 1085 2882 perpetuo
1110 2817 1142 2864 ut
1169 2805 1279 2868 excitet

275 2915 408 2973 homines
429 2915 467 2973 ad
488 2914 678 2990 peccandum.
722 2913 780 2973 Sed
802 2914 867 2989 quis
889 2913 1069 2973 Christianus
1091 2913 1177 2972 talem
1198 2913 1278 2973 blas·

275 3021 384 3079 fernam
394 3021 664 3098 responsiunculam
675 3021 837 3081 tolleraret?
853 3020 868 3052 *
884 3021 1012 3080 Ulterius
1024 3022 1104 3080 novit
1116 3021 1278 3081 catholicus
1330 3039 1412 3087 mc

66 3138 233 3231 &affl
276 3128 425 3205 quomodo
440 3139 508 3187 sunt
522 3129 578 3188 due
599 3128 768 3187 diviciarum
789 3130 941 3201 maneries
957 3129 1065 3188 scilicet
1083 3130 1185 3188 divicie
1199 3139 1276 3187 tem-

66 3241 258 3343 fflffiffieh
276 3238 391 3315 porales
415 3248 444 3296 et
466 3238 567 3296 divicie
593 3237 713 3296 celestes
738 3247 766 3294 et
787 3237 955 3312 spirituales.
998 3237 1036 3295 Et
1057 3238 1149 3312 prime
1175 3236 1276 3296 divicie
1290 3256 1326 3307 ²5

173 3323 178 3343 ‚

66 3351 110 3387 ⁵⁰³
117 3343 143 3387 ³¹¹
151 3344 256 3396 together.
276 3349 323 3407 vix
342 3366 411 3407 cum
424 3347 574 3405 virtutibus
592 3344 741 3403 moderate
762 3344 872 3403 ducunt
886 3345 923 3403 ad
939 3344 1060 3404 celestes
1074 3343 1201 3412 divicias,
1217 3361 1277 3418 que

277 3465 344 3515 sunt
361 3475 436 3527 vere,
451 3455 486 3512 de
505 3455 610 3529 quibus
628 3452 754 3527 loquitur
772 3453 919 3528 apostolus
938 3452 1043 3511 Christi
1063 3470 1158 3527 supra.
1201 3450 1277 3510 Ideo

277 3563 399 3619 haberes
428 3559 643 3618 conscienciam
678 3575 764 3630 super
792 3557 846 3614 ista
873 3557 987 3630 loquela
1022 3557 1157 3628 heretica,
1185 3575 1279 3632 quam

66 3673 259 3776 gveceoapffiffign
277 3666 372 3724 innuis
387 3683 473 3740 super
488 3663 545 3720 fide
560 3663 699 3737 scripture
711 3662 842 3737 apostoli.
886 3662 1009 3739 Oportet
1023 3666 1102 3722 enim
1116 3684 1168 3740 per
1182 3682 1279 3739 pena·

198 3753 204 3773 ,

66 3775 241 3877 {hgll‘ssssin‘h‘
277 3773 386 3829 litatem
408 3779 437 3828 et
458 3769 626 3844 pauperiem
652 3766 698 3826 hic
720 3769 751 3825 in
772 3768 816 3826 via
837 3770 938 3827 mereri
959 3770 1079 3829 celestes
1102 3770 1222 3829 divicias
1246 3781 1278 3828 et
1290 3792 1326 3840 30

277 3877 485 3937 beatitudinem
498 3877 528 3933 in
543 3875 644 3952 patria.

313 4058 335 4094 2.
354 4041 501 4101 sacerdotes
520 4052 545 4100 Β,
563 4039 595 4101 13¹,
615 4051 639 4088 c.
706 4055 778 4097 nove,
790 4056 837 4090 om.
855 4053 880 4102 Β,
892 4039 928 4103 1³¹,
946 4053 970 4091 e.
1036 4048 1154 4101 moveret,
1167 4053 1191 4097 Β,
1204 4039 1237 4102 Βῑ,
1251 4054 1278 4094 c,

278 4138 301 4187 3.
320 4122 421 4177 dictam,
432 4136 479 4170 om.
497 4131 523 4179 Β,
536 4119 569 4179 ΒῙ,
584 4131 608 4169 e.
675 4136 699 4183 4.
717 4119 808 4179 clerici,
827 4135 874 4169 om.
892 4132 917 4181 Β,
930 4119 962 4179 Β“,
977 4132 1000 4169 c.
1079 4119 1103 4170 6.
1121 4128 1145 4169 et
1157 4119 1278 4183 pharisei,

278 4214 302 4263 Β,
315 4201 349 4252 13¹.
389 4201 458 4250 racio
469 4200 508 4259 sit,
521 4199 573 4249 ord.
586 4199 640 4248 inv.
653 4209 678 4258 Β,
691 4197 725 4259 13¹,
738 4211 761 4248 c.
832 4199 869 4248 18.
887 4197 975 4254 fidelis,
982 4206 1031 4262 pro
1041 4198 1157 4259 infidelis,
1168 4210 1192 4257 Β,
1203 4197 1239 4258 Βῑ,
1249 4210 1277 4250 e.

278 4294 317 4344 24.
336 4280 390 4334 due.
401 4294 448 4328 om.
460 4289 485 4338 Β,
498 4277 531 4337 13¹,
544 4289 568 4327 c.
603 4283 666 4333 sunt,
678 4277 754 4334 enim,
764 4283 813 4342 pro
824 4276 927 4338 scilicet,
940 4288 964 4339 Β,
977 4288 992 4325 c
1000 4293 1006 4334 ;
1023 4277 1141 4326 sedenim
1157 4276 1191 4326 al.
1204 4291 1279 4326 man.

278 4368 302 4406 Β.
345 4364 402 4406 sunt
414 4371 476 4405 corr.
487 4371 518 4406 ex
529 4354 633 4415 scilicet,
646 4365 670 4404 Β.
