3038 5272
612 469 808 520 SPECULUM
832 467 1007 518 ECCLESIE
1031 468 1262 520 MILITANTIS.

437 664 527 704 unum
554 645 800 720 predicamentum
827 642 909 720 quod
929 643 961 701 fit
982 661 1119 702 mensura
1147 643 1280 703 omnium
1306 643 1444 716 aliorum,

436 752 617 810 attendamus
640 752 758 809 fideliter
780 750 817 807 ad
838 751 895 809 hoc
916 750 1172 826 predicamentum,
1189 750 1270 825 quod
1291 749 1350 810 hoc
1374 751 1445 811 dicit

436 859 572 916 domiuus
590 857 633 916 vcl
655 877 689 915 cx
712 858 775 932 lege
794 875 854 927 sua,
870 875 941 932 ergo
962 856 1018 914 hoc
1040 867 1083 914 est
1103 855 1323 914 insolubiliter*
1341 858 1518 917 obser-M

434 966 570 1023 vandum.
613 964 670 1023 Sed
686 966 753 1041 quia
768 964 1000 1023 consuetudines
1015 965 1044 1022 in
1059 964 1114 1023 isto
1130 964 1275 1035 deficiunt,
1291 965 1360 1024 ideo
1375 978 1442 1025 sunt

434 1073 520 1132 nichil
554 1083 602 1130 aut
637 1072 785 1131 modicum
817 1090 834 1129 a
863 1072 994 1130 fidelibus
1025 1070 1223 1148 ponderando.
1276 1070 1465 1136 Erubescat5

434 1199 506 1257 ergo
531 1181 680 1237 maniacus
701 1179 840 1238 occiduus
869 1179 898 1235 in
920 1179 975 1237 ista
999 1179 1135 1254 argucia:
1164 1178 1229 1237 talis
1255 1181 1441 1239 consuetudo

435 1288 464 1345 in
485 1298 584 1346 nostra
599 1297 748 1345 contracta
765 1287 826 1344 sine
840 1285 1056 1362 approbacione
1072 1285 1181 1343 domini
1196 1295 1240 1343 est
1255 1286 1439 1358 confirmata,

222 1401 380 1493 ponsrode
436 1414 507 1471 ergo
528 1405 570 1452 est
584 1393 727 1452 katholico
747 1393 937 1451 observanda.
980 1391 1019 1450 Et
1039 1411 1091 1469 per
1106 1392 1163 1450 hoc
1184 1403 1262 1468 patet
1285 1394 1439 1470 responsio

235 1455 289 1504 ¹‹›pe,
302 1453 320 1493 if
327 1453 389 1493 Peter

223 1503 409 1596 gfgrlggpppfi
435 1503 472 1559 ad
488 1503 605 1560 terciam
620 1501 769 1576 arguciam
792 1499 897 1557 saetam
919 1499 956 1557 de
977 1518 1063 1575 papa,
1079 1499 1274 1575 supponendo
1294 1511 1327 1558 ut
1349 1501 1438 1560 fidem

434 1608 515 1686 quod
536 1609 596 1684 ipse
619 1625 739 1684 peccare
761 1616 789 1664 et
810 1624 905 1663 errare
926 1605 1030 1681 poterit
1051 1615 1083 1662 ut
1103 1606 1189 1663 ceteri
1208 1606 1343 1665 viatores.
1390 1607 1437 1668 Sic
1450 1625 1479 1663 ιο

433 1718 510 1775 enim
527 1716 657 1773 Christus
671 1713 813 1772 ordinavit
828 1712 944 1770 Petrum
959 1712 1000 1769 sic
1017 1730 1155 1788 peccasse
1174 1723 1241 1771 ante
1262 1714 1436 1774 missionem
1486 1764 1489 1771 .

434 1824 549 1899 spiritus
578 1823 669 1880 sancti
694 1832 721 1879 et
746 1831 813 1896 post
837 1820 924 1877 illam.
966 1818 1004 1876 Et
1032 1819 1121 1878 credo
1149 1820 1228 1896 quod
1258 1821 1355 1880 nullus
1384 1841 1439 1899 pro

434 1930 604 1988 verecundia
633 1929 750 1986 audebit
773 1927 868 1985 dicere
897 1927 976 2001 quod
1002 1925 1104 1984 Petrus
1129 1937 1195 2003 post
1217 1937 1278 1986 tam
1303 1939 1438 1988 sanctam

433 2036 520 2092 vitam
542 2036 593 2092 luit
614 2035 708 2109 magis
728 2034 884 2109 peccabilis
906 2052 995 2110 quam
1011 2044 1053 2092 est
1068 2052 1153 2111 papa.
1197 2034 1228 2092 Si
1250 2054 1323 2112 ergo
1344 2055 1440 2112 genus

434 2143 502 2201 cleri
526 2161 617 2218 usque
642 2142 671 2198 in
697 2141 851 2197 adventum
878 2140 1039 2198 antichristi
1062 2141 1092 2198 in
1118 2140 1244 2200 deterius
1273 2144 1439 2216 retrocedit,
1450 2164 1478 2214 15

434 2250 550 2309 evidens
562 2259 604 2308 est
618 2248 722 2318 multis,
732 2247 809 2324 quod
828 2247 863 2304 sit
879 2266 979 2305 recens
994 2257 1021 2305 et
1035 2246 1220 2323 plenissimus
1238 2249 1438 2311 antichristus.

435 2359 510 2431 Quis
533 2378 604 2434 crgo
629 2357 739 2415 timeret
763 2357 848 2412 istam
874 2355 1039 2430 arguciam:
1068 2354 1135 2430 Ipse
1160 2355 1221 2413 sine
1252 2356 1372 2416 racione
1394 2359 1440 2417 vel

435 2466 609 2525 fundacione
632 2464 773 2539 scripture
795 2463 835 2520 sic
858 2462 959 2519 asserit
973 2461 1018 2519 vel
1039 2463 1284 2534 excommunicat,
1300 2483 1373 2542 ergo
1396 2476 1441 2525 est

434 2592 484 2631 sue
501 2572 645 2630 sentencie
665 2569 807 2628 acunctis
822 2568 955 2626 fidelibus
977 2568 1184 2627 insistendum:
1206 2588 1275 2628 cum
1293 2571 1329 2628 sit
1351 2590 1440 2648 argu-

435 2692 564 2738 mentum
577 2679 704 2755 topicum
714 2677 744 2735 in
754 2694 813 2753 quo
826 2675 1036 2733 racionabiliter
1045 2675 1221 2733 contrarium
1233 2677 1438 2740 concluditur?
1450 2705 1480 2741 20

224 2782 422 2825 llelflnelhfflhe
438 2785 549 2844 Fideles
564 2805 635 2860 ergo
649 2785 704 2843 sibi
721 2784 944 2860 propinquiores
965 2783 1059 2858 magis
1079 2783 1241 2859 percipiunt
1263 2783 1349 2843 istam
1370 2804 1440 2845 sen-

223 2834 278 2875 heau
288 2836 312 2875 ol
319 2835 354 2874 the
364 2834 410 2874 uni-

223 2886 291 2925 ΨΜ
301 2884 387 2932 elmi·
437 2894 570 2962 tenciam,
585 2903 611 2950 et
627 2901 702 2967 patet
717 2889 913 2966 quodfalsum
929 2890 1089 2961 assumitur,
1106 2889 1186 2966 quod
1199 2908 1277 2967 papa
1291 2891 1328 2950 sit
1341 2894 1441 2971 capud

224 2948 262 2975 nor
272 2935 349 2975 l'eter's
356 2934 421 2982 vicar,

224 2985 368 3026 '¹⁰¹⁰h¹i⁵‘'⁵·
437 2999 604 3058 universalis
632 2997 753 3056 ecclesie
778 2997 794 3033 *
820 2996 864 3054 vel
893 2997 969 3055 Petri
994 2997 1116 3055 vicarius
1144 2997 1188 3055 vel
1216 2998 1340 3058 vicarius
1368 2999 1504 3078 Jesuc.2

436 3106 550 3176 Christi,
567 3106 618 3166 sed
639 3105 713 3163 inter
727 3122 829 3162 omnes
852 3103 987 3162 mortales
1002 3105 1040 3161 ab
1054 3103 1107 3162 illis
1128 3105 1254 3162 maxime
1274 3105 1439 3181 elongatur.

434 3214 508 3273 Ideo
530 3215 559 3271 in
580 3215 643 3286 is10,
661 3212 742 3271 sicud
760 3212 790 3268 in
807 3211 870 3268 aliis
892 3211 1069 3286 argumentis
1088 3210 1240 3287 prioribus
1255 3211 1439 3273 adversarius
1449 3235 1479 3286 25

434 3321 477 3381 vel
492 3322 596 3384 falsum
618 3320 744 3391 assumit,
766 3318 810 3377 vel
831 3318 861 3374 in
883 3316 1000 3394 sequela
1022 3317 1126 3388 deficit,
1141 3318 1186 3376 vel
1206 3318 1323 3377 silenter
1344 3320 1440 3381 innuit

434 3441 561 3489 nostram
576 3429 753 3489 sentenciam
768 3444 830 3484 esse
844 3443 950 3482 veram.
973 3422 1051 3494 Quia
1065 3434 1123 3495 aut,
1135 3435 1165 3482 ut
1178 3424 1315 3486 Averrois
1326 3429 1438 3501 asserit,

434 3537 537 3594 veritas
565 3545 685 3594 testatur
712 3532 908 3608 multipliciter
936 3532 990 3590 sibi
1018 3532 1081 3608 ipsi,
1104 3541 1131 3590 et
1154 3533 1315 3591 secundum
1337 3535 1438 3595 fideles

434 3644 568 3702 doctores
585 3643 621 3700 de
636 3649 746 3718 quanto
757 3641 859 3698 veritas
873 3638 939 3716 plus
954 3638 1060 3710 teritur,
1075 3638 1111 3696 de
1126 3647 1207 3698 tanto
1221 3639 1355 3700 fidelibus
1369 3643 1438 3718 plus

434 3748 592 3808 redolescit.
1448 3773 1480 3821 30

222 3864 361 3959 ΓΤαῐξιτῑά-τιτευ·
477 3856 583 3914 Tercio
604 3854 799 3931 principaliter
820 3864 944 3929 arguunt
965 3853 1119 3912 adversarii
1139 3853 1212 3930 legis
1234 3855 1289 3928 dei,
1305 3856 1439 3917 videntes

436 3963 516 4041 quod
532 3963 708 4021 auctoritatis
722 3962 794 4037 legis
810 3962 856 4020 dei
872 3960 886 3991 '¹‘
902 3970 1043 4036 expertes,
1062 3980 1113 4036 per
1133 3961 1283 4020 racionem
1298 3963 1437 4039 sophisti-
1447 3973 1482 4021 D.
1493 3973 1519 4023 '1²

224 4087 271 4129 Tne
281 4087 361 4139 clergy,
372 4084 402 4128 in·
437 4091 502 4131 cam
517 4070 680 4148 palliatam:
701 4068 890 4127 Manifestum
906 4077 957 4140 est,
970 4067 1113 4143 inquiunt,
1124 4068 1204 4145 quod
1218 4068 1272 4128 ista
1286 4072 1438 4131 sentencia

222 4139 319 4182 ⁸²⁰²d⁰s
435 4191 479 4240 est
501 4178 644 4239 contraria
664 4178 784 4247 racioni,
799 4177 869 4254 quia
889 4174 990 4247 innuit,
1012 4177 1092 4252 quod
1115 4176 1220 4248 clerici,
1242 4177 1292 4253 qui
1314 4177 1350 4237 de
1371 4178 1438 4256 lege

472 4334 492 4369 1.
511 4319 552 4378 sit,
558 4323 607 4381 pro
619 4315 656 4376 fit,
668 4315 701 4364 13¹.
812 4326 834 4375 5.
852 4312 901 4372 vel,
908 4319 957 4376 pro
968 4319 1019 4373 aut,
1031 4325 1055 4372 c,
1066 4325 1093 4363 n.
1202 4328 1242 4376 31.
1259 4314 1381 4373 ludentes,
1388 4323 1438 4380 pro

433 4397 552 4457 videntes,
567 4406 589 4455 e,
604 4406 630 4442 n.
681 4408 720 4455 32·
740 4399 797 4442 sunt
808 4397 926 4458 expertes,
939 4403 962 4453 e,
974 4404 1001 4442 D.
1054 4406 1092 4455 34.
1110 4397 1177 4444 cont.
1190 4398 1235 4452 est,
1246 4393 1299 4444 ord.
1310 4393 1365 4446 inv.
1374 4405 1400 4456 e,
1409 4396 1437 4445 D.
