3038 5272
184 493 224 561 70
565 488 760 543 SPECULUM
783 485 956 538 ECCLESIE
980 483 1213 536 MILITANTIS.

181 667 381 769 &milior
393 662 435 723 sui
455 662 577 721 dominii
598 660 711 721 confert
730 660 911 738 regna-sic
928 660 1008 718 enim
1028 657 1118 716 fertur
1135 657 1199 733 regi
1220 657 1325 734 anglie
1348 657 1404 717 de·

181 768 302 867 ffitgnt
310 767 371 858 ¹122ss
393 769 468 828 disse
489 768 649 827 hiberniam
671 777 700 826 et
720 766 879 843 degradato
899 784 960 824 uno
981 782 1050 841 rege
1072 765 1203 841 hispanie
1226 764 1313 823 alteri
1336 765 1405 841 regi

183 869 270 959 'stiffi‘
277 918 292 959 s
293 880 383 968 affin
392 875 506 933 dedisse
527 873 701 950 hispaniam,
745 873 820 945 Quis
840 889 911 947 ergo
932 870 1091 947 deponeret
1109 887 1192 945 reges
1207 870 1357 929 inhabiles
1371 879 1403 929 et

183 969 383 1068 fflffi‘ssvsffcffi'
393 998 477 1057 reges
501 979 613 1038 habiles
633 979 783 1037 induceret
804 977 858 1036 nisi
880 995 967 1054 papa,
982 994 1050 1035 cum
1072 977 1109 1034 sit
1131 994 1263 1034 summus
1287 975 1401 1036 Christi

183 1068 372 1160 gargraue:
393 1087 516 1146 vicarius
544 1096 572 1144 et
599 1086 723 1162 pertinet
751 1100 867 1143 summo
889 1093 1002 1142 terreno
1027 1082 1124 1142 officio
1148 1083 1206 1141 hoc
1230 1085 1426 1159 temptare?5

395 1192 458 1252 Nec
472 1203 514 1252 est
529 1192 648 1251 faciliter
663 1190 800 1266 fingenda
815 1190 894 1248 racio
911 1207 1001 1264 quare
1020 1189 1087 1247 licet
1108 1187 1265 1247 mundanis
1288 1190 1402 1265 princi-

393 1301 478 1376 pibus
500 1298 610 1357 auferre
632 1297 782 1355 mundana
803 1295 933 1355 dominia
954 1295 995 1353 sic
1017 1313 1034 1352 a
1053 1294 1131 1353 clero
1145 1294 1333 1354 habitualiter
1349 1296 1401 1354 de·

183 1412 366 1516 mhfflsse‘n
391 1405 550 1483 linquente,
574 1405 645 1479 quin
673 1422 725 1478 per
752 1402 820 1460 loco
844 1419 863 1461 a
890 1402 994 1478 majori
1017 1400 1085 1459 licet
1107 1400 1248 1478 spirituali
1273 1401 1400 1460 brachio

182 1516 232 1617 εὑ]
220 1515 278 1606 0:23
278 1516 367 1606 2319·
393 1513 504 1572 auferre
529 1511 668 1571 secularia
692 1509 823 1568 dominia
843 1526 862 1566 a
883 1508 1035 1584 temporali
1060 1507 1182 1567 brachio
1206 1506 1399 1567 habitualiter

181 1616 587 1708 {lfgggffiffimdelinquente
629 1617 668 1675 Et
682 1627 780 1675 tamen
794 1615 851 1674 hoc
872 1616 996 1690 contigit
1017 1614 1128 1672 facilius
1148 1625 1178 1674 et
1199 1623 1279 1691 patet
1301 1616 1400 1692 major
1411 1632 1441 1669 10

184 1716 366 1818 {ssssssgffihss
394 1727 539 1784 autoritas.
596 1723 719 1781 Videtur
741 1721 820 1799 quod
841 1720 948 1779 docere
972 1720 1059 1779 debet
1083 1722 1187 1798 pocius
1210 1739 1227 1779 e
1251 1740 1401 1782 converso

394 1830 474 1908 quod
498 1831 594 1889 clerici
617 1829 746 1888 auferant
774 1837 866 1887 totum
890 1828 1019 1886 seculare
1043 1827 1206 1887 dominium
1230 1847 1249 1887 a
1273 1829 1401 1888 brachio

394 1937 516 1995 seculari
531 1946 560 1994 et
575 1945 719 1994 reservent
734 1955 771 1994 ex
785 1936 900 2011 integro
914 1936 1010 2011 ipsum
1025 1935 1088 1993 sibi.
1391 1920 1395 1928 ⁸

187 2033 237 2077 Ver.
253 2035 358 2078 mm·
436 2041 578 2099 Vnurrns
621 2041 682 2100 Ista
704 2043 820 2117 argucia
834 2058 895 2099 non
911 2050 1020 2099 teneret
1033 2041 1090 2099 nisi
1105 2059 1155 2117 per
1168 2039 1269 2099 locum
1284 2058 1302 2100 a
1318 2040 1402 2099 simi·

395 2148 432 2206 ali
448 2147 633 2206 similitudine
650 2157 678 2206 et
693 2149 843 2206 autoritate
858 2147 975 2218 diaboli,
991 2167 1024 2207 ac
1041 2148 1064 2206 si
1080 2147 1213 2206 diabolus
1227 2147 1313 2206 vellet
1334 2148 1442 2212 des-15

395 2265 488 2315 truere
506 2264 597 2314 totam
613 2256 795 2314 autoritatem
806 2254 916 2314 ordinis
926 2256 1091 2326 Christiani,
1102 2255 1272 2315 extollendo
1286 2273 1402 2332 papam

184 2366 361 2470 ssffiissflffide
396 2381 484 2440 super
512 2380 616 2421 omnes
644 2364 790 2438 principes
815 2362 1005 2421 Christianos.
1058 2360 1198 2420 Concedo
1223 2379 1303 2437 ergo,
1331 2381 1403 2421 cum

184 2469 347 2571 ffisslgtte
395 2469 511 2528 cederet
532 2469 570 2527 ad
595 2469 750 2527 radicalem
770 2469 1011 2544 pacificacionem
1033 2468 1165 2540 ecclesie,
1189 2468 1271 2545 quod
1292 2487 1403 2528 ornnes

184 2570 343 2671 {ffd‘gffl‘t
395 2586 451 2635 tres
466 2577 528 2653 ejus
542 2586 638 2651 partes
659 2575 765 2634 debent
786 2575 823 2633 ad
844 2575 929 2632 istam
951 2575 1172 2633 ordinacionem
1193 2574 1307 2634 domini
1329 2595 1403 2634 cum

184 2671 377 2772 {ffliifflnew
395 2682 554 2760 prudencia
582 2682 732 2740 laborare:
772 2681 865 2739 clerus
893 2681 1042 2739 monendo
1066 2700 1117 2757 per
1139 2682 1305 2740 evidencias
1330 2682 1401 2741 fidei
1412 2699 1442 2735 πο

184 2772 362 2862 ffiffiss’w,
395 2790 533 2864 scripture
560 2807 597 2845 ne
622 2788 706 2846 cadat
731 2789 761 2844 in
784 2788 908 2846 heresim
931 2806 967 2845 ex
992 2805 1156 2859 consensu;
1178 2787 1310 2847 seculare
1331 2789 1403 2848 bra·

185 2869 328 2921 ingoldones
413 2894 442 2951 h·
588 2893 616 2949 ·fi
672 2893 677 2905 ·
1357 2895 1363 2908 ·

184 2921 247 2960 when
259 2921 310 2971 they
318 2913 412 2972 rapsess
435 2912 495 2950 rum
509 2904 595 2951 morti
618 2912 767 2951 cacronem
783 2893 819 2951 de
834 2904 931 2952 cetero
946 2894 1138 2970 precavendo,
1151 2903 1180 2952 et
1193 2912 1261 2954 cum
1276 2895 1401 2954 mortlfi-

396 3000 478 3057 cacio
501 2999 531 3055 in
545 3017 650 3056 manus
665 3017 731 3057 suas
745 3000 862 3072 venerit,
877 2999 958 3076 quod
973 3018 1042 3076 sepe
1058 3001 1200 3077 contingit
1214 3001 1276 3076 regi
1291 3001 1400 3078 anglie,

395 3076 641 3182 repplicacidnem
665 3107 778 3181 peccati
800 3106 868 3164 cleri
889 3116 991 3164 contra
1011 3105 1164 3165 dominum
1188 3106 1400 3167 subtrahendo.

396 3209 490 3271 Multe
505 3223 600 3271 autem
616 3223 682 3272 sunt
696 3212 882 3289 particulares
896 3212 1052 3288 prudencie
1072 3231 1109 3271 ex
1131 3214 1235 3290 quibus
1256 3214 1312 3272 ista
1331 3232 1400 3291 pre·
1411 3233 1441 3285 ²5

185 3313 538 3418 Αέζξζζὲῗὲἱζῗξνατίεαείο
573 3317 633 3377 tolli
661 3320 766 3394 poterit
793 3317 945 3394 paulative,
982 3327 1014 3375 ut
1042 3318 1167 3377 dicendo
1204 3317 1341 3378 fratribus
1369 3330 1400 3378 et

184 3379 368 3460 Elddffl‘ln‘h‘i‘
396 3427 507 3485 cunctis
531 3426 728 3485 sacerdotibus
750 3426 831 3502 regni
856 3426 952 3503 anglie
973 3424 1053 3502 quod
1075 3427 1128 3483 sub
1149 3444 1225 3502 pena
1245 3425 1401 3503 legalitatis

396 3549 446 3589 sue
470 3531 570 3590 dicant
595 3532 656 3607 regi
680 3541 708 3589 et
730 3550 822 3607 regno
847 3532 870 3590 si
892 3533 948 3590 ista
972 3532 1089 3590 dotacio
1114 3533 1151 3590 sit
1178 3549 1313 3591 consona
1339 3533 1399 3610 legi

184 3469 226 3509 alle
242 3468 302 3510 iance
313 3476 336 3510 to

184 3483 269 3559 declare
278 3518 374 3577 whether

184 3568 319 3609 endowment
328 3582 346 3610 rs

184 3619 376 3717 {ffifffiffvffoffw
397 3637 503 3695 divine.
544 3637 600 3695 Vel
621 3637 702 3694 aliter
722 3636 802 3711 quod
817 3639 871 3696 sub
890 3657 968 3715 pena
981 3637 1162 3714 equivalente
1177 3638 1276 3697 dicant
1290 3636 1353 3716 regi
1368 3649 1401 3698 et

185 3717 243 3758 what
253 3716 271 3758 is
280 3717 316 3757 the
325 3718 375 3760 sub·
656 3742 661 3754 ·
757 3743 762 3754 ·
880 3745 885 3757 .
1087 3745 1091 3757 .
1210 3745 1215 3757 .
1254 3745 1259 3758 .

185 3775 259 3808 ,ιω
268 3767 290 3808 i„
299 3768 337 3810 the
396 3761 495 3818 regn0,
504 3761 541 3800 ex
553 3742 662 3801 efficaci
672 3753 822 3801 autoritate
832 3755 971 3821 scnpture
981 3745 1024 3803 vel
1034 3744 1237 3821 racione,qu1d
1252 3764 1283 3802 m
1293 3756 1400 3804 natura
1410 3762 1442 3812 30

186 3817 254 3862 Μ’
395 3865 448 3906 sua
462 3849 497 3906 sit
511 3849 573 3924 ipsa
587 3849 682 3906 hostia
696 3860 874 3909 consecrata,
916 3851 1006 3910 Tales
1021 3861 1118 3910 autem
1132 3861 1200 3910 sunt
1213 3851 1296 3910 multi
1311 3871 1399 3911 casus

394 3956 548 4014 necessarii
564 3956 600 4014 ad
615 3957 753 4015 noticiam
768 3957 860 4017 fidelis
875 3960 957 4034 regni
977 3959 1008 4016 in
1029 3960 1135 4035 quibus
1155 3969 1237 4036 pater
1250 3961 1400 4021 mendacii

394 4061 593 4121 antichristum
613 4073 641 4122 et
662 4081 767 4123 omnes
788 4082 855 4123 suos
877 4064 999 4123 clericos
1020 4083 1113 4142 usque
1135 4065 1222 4125 hodie
1240 4069 1400 4128 excecavit.

395 4167 518 4240 Quesito
541 4181 637 4229 autem
660 4189 678 4228 a
702 4171 780 4230 clero
802 4179 903 4230 nostro
925 4170 1040 4247 publice
1064 4174 1118 4231 sub
1142 4171 1245 4231 eadem
1268 4191 1349 4250 pena
1374 4177 1399 4234 si

395 4284 484 4332 status
505 4277 678 4352 paupertatis
699 4276 819 4336 honeste
841 4295 929 4352 quem
947 4277 1080 4336 Christus
1100 4278 1198 4338 docuit
1219 4280 1249 4336 in
1263 4281 1355 4340 verbo
1369 4291 1401 4340 et
1409 4302 1441 4354 35

395 4396 482 4452 opere
497 4381 532 4439 sit
546 4383 704 4458 perfeccior
725 4393 754 4442 et
771 4384 985 4442 consonancior
1007 4384 1140 4443 militanti
1162 4383 1283 4444 ecclesie
1305 4403 1398 4461 quam
