3038 5272
167 466 206 533 72
549 469 745 519 SPECULUM
770 468 942 518 ECCLESIE
965 466 1198 519 MILITANTIS.

165 661 318 753 ppnchromgyop
321 659 366 751 pn
375 642 452 701 cium
473 660 538 700 esse
552 641 738 700 humanitatis
754 642 860 701 Christi
875 641 1013 700 vicarium
1033 639 1176 717 paciendo
1190 651 1220 699 et
1234 640 1340 717 ipsum
1355 639 1389 699 in

165 748 534 863 ffissliadiiilmhumffitate
549 758 576 805 et
591 747 826 807 tribulacionibus
846 747 996 818 imitando,
1012 756 1043 805 ut
1058 747 1144 806 docet
1158 747 1338 822 augustinus
1352 746 1387 803 in

165 862 327 962 prrppepffiff
374 854 441 913 loco
456 855 614 931 multiplici.
658 855 715 913 Sed
730 855 863 914 diabolus
883 854 1022 930 presumit
1043 852 1123 928 quod
1145 852 1280 912 Christus
1303 852 1385 910 male

165 962 360 1052 gtgsfffijgfvgrffle
374 962 403 1019 in
422 962 478 1019 boc
501 961 652 1032 ordinavit,
667 980 736 1018 cum
757 979 820 1019 esse
845 960 944 1018 debuit
966 978 982 1018 e
1004 977 1155 1031 convers0,
1178 969 1207 1017 et
1229 959 1271 1018 sic
1296 958 1384 1017 locus

165 1061 352 1162 {ffilssslgssvfflffh
374 1087 391 1125 a
407 1068 508 1126 simiali
523 1068 707 1126 similitudine
723 1086 782 1144 qua
797 1068 838 1125 sic
858 1067 1001 1142 arguitur:
1035 1067 1057 1123 si
1079 1065 1208 1124 seculare
1224 1064 1408 1128 brachium5

165 1162 352 1263 fffflssliessgssl’
374 1176 504 1250 accipere
527 1174 626 1232 debuit
647 1193 664 1231 a
685 1173 763 1232 clero
784 1191 870 1232 suum
891 1172 1055 1230 dominium
1072 1172 1151 1247 quod
1167 1171 1309 1230 dominus
1324 1171 1382 1245 sibi

165 1272 222 1354 ῗζξξξ
229 1262 357 1354 ξιξξῗζξυια,
374 1281 461 1350 dedit,
475 1288 549 1355 ergo¹
560 1299 612 1356 per
632 1280 710 1338 idem
733 1279 934 1338 sacerdocium
953 1278 1085 1353 accipere
1106 1278 1193 1336 debet
1214 1296 1233 1336 a
1254 1276 1382 1337 seculari

165 1363 365 1455 ζ’ᾖῗζξῖξὲᾞζῖξῗῃ
375 1387 493 1444 brachio
515 1387 643 1445 seculare
670 1387 833 1444 dominium
854 1384 934 1460 quod
957 1383 1090 1442 diabolus
1114 1383 1273 1460 usurpavit.
1321 1383 1382 1453 Sic,

166 1464 272 1515 ”md'
375 1494 503 1569 inquam,
528 1511 654 1567 arguens
679 1502 723 1550 est
748 1493 833 1550 nimis
858 1501 961 1568 patens
983 1489 1113 1567 sophista
1135 1489 1259 1561 diaboli;
1283 1490 1380 1548 etsie

375 1601 511 1675 potencia
525 1598 593 1657 cleri
608 1600 717 1670 cesarii,
732 1618 769 1657 ex
789 1599 902 1658 cautela
923 1598 1031 1657 diaboli
1053 1615 1139 1673 super
1160 1595 1290 1655 seculare
1313 1596 1421 1657 bra-ro

374 1706 473 1763 chium
497 1706 686 1776 invalescens,
709 1707 739 1764 in
763 1723 872 1781 penam
898 1706 1011 1782 peccati
1036 1702 1173 1763 secularis
1197 1701 1312 1760 brachii
1341 1703 1381 1760 ita

309 1821 312 1828 '
375 1813 471 1870 crevit.
514 1811 586 1871 Ideo
601 1812 687 1870 debet
705 1830 773 1870 curn
793 1810 900 1870 Christi
922 1811 1083 1887 prudencia
1103 1809 1260 1885 temperari
1283 1818 1314 1866 et
1337 1809 1381 1867 sic

375 1919 443 1977 cleri
465 1919 632 1994 temporalis
653 1919 790 1993 potencia
811 1918 897 1977 debet
918 1937 987 1976 cum
1008 1918 1054 1976 dei
1076 1915 1224 1992 sapiencia
1241 1914 1380 1991 mitigari.

165 2036 303 2079 thenteres
315 2023 413 2086 ronyEt
429 2025 500 2081 sicut
515 2023 617 2081 dicitur
634 2026 853 2082 constantinum
875 2025 1022 2100 anglicum
1044 2024 1129 2081 istam
1143 2021 1292 2079 vesaniam
1315 2020 1381 2078 dia·

166 2088 237 2138 begun
247 2088 276 2137 by
285 2088 321 2127 the

166 2137 357 2237 {meg-yffi
376 2130 503 2187 bolicam
524 2131 742 2206 presumpsisse,
758 2132 797 2188 ita
819 2141 918 2207 posset
939 2131 1011 2198 deus
1033 2129 1151 2188 faciliter
1165 2145 1265 2203 regem
1279 2127 1422 2203 anglier5

165 2237 354 2329 ffisstrffiffioe
376 2247 404 2295 et
424 2255 509 2296 suum
531 2237 688 2294 concilium
709 2236 747 2295 ad
768 2239 1001 2297 destruccionem
1023 2238 1086 2314 ejus
1106 2234 1284 2312 pmdentem
1305 2252 1382 2292 cum

165 2338 344 2441 ffilfgnffisswf
376 2344 513 2420 spirituali
534 2344 682 2420 juvamine
707 2344 865 2414 ordinasse,
889 2353 917 2401 et
942 2344 1010 2402 dare
1035 2343 1076 2401 eis
1101 2340 1259 2400 concilium
1281 2341 1382 2401 sancti

376 2451 490 2528 spiritus
505 2460 536 2507 ut
550 2469 603 2526 per
617 2451 745 2508 medium
760 2452 861 2527 apcius
876 2450 932 2509 hoc
950 2457 1129 2526 attemptent.
1173 2447 1231 2506 Sed
1248 2448 1320 2505 satis
1336 2457 1384 2507 est

375 2558 461 2616 nobis
480 2558 614 2633 detegere
636 2558 794 2615 diabolicas
816 2557 950 2633 argucias
971 2558 1001 2614 in
1022 2555 1190 2633 oppositum
1210 2553 1381 2615 fabricatas.

375 2663 414 2723 Et
439 2665 480 2723 sic
506 2665 528 2722 si
550 2683 628 2740 papa
650 2665 687 2723 sit
708 2665 818 2740 juratus
843 2664 882 2722 ad
906 2663 1075 2739 oppositum
1097 2671 1142 2720 est
1166 2662 1279 2738 juratus
1308 2679 1423 2720 cumae

375 2771 491 2830 diabolo
513 2781 613 2829 contra
635 2771 791 2842 Christum,
819 2772 891 2829 sicut
912 2770 1051 2846 accepcio
1076 2768 1237 2828 medietatis
1262 2768 1381 2843 imperii

375 2876 428 2933 fuit
448 2895 484 2933 err
507 2877 619 2933 cautela
640 2876 747 2935 diaboli
769 2887 914 2953 usurpata.
957 2875 996 2934 Et
1018 2876 1042 2933 si
1062 2892 1139 2952 pape
1165 2873 1281 2943 subditi,
1302 2875 1381 2934 anti-

166 3005 355 3057 phedrscrprms
376 2981 473 3039 christi
488 2981 629 3057 discipuli,
645 2983 675 3038 in
696 2983 751 3039 isto
774 2983 827 3039 sibi
849 2983 1020 3051 resisterent,
1036 2981 1085 3039 ubi
1107 2981 1138 3039 in
1159 2998 1247 3040 causa
1269 2979 1380 3043 Christi

166 3056 288 3099 Antichrist
298 3065 354 3098 must
544 3088 550 3100 .
1142 3089 1147 3100 .
1180 3088 1186 3101 .
1352 3088 1359 3100 .

166 3108 192 3148 ne
202 3108 316 3159 gradually
376 3087 413 3145 ad
446 3098 614 3164 oppositum
644 3099 856 3164 promoverent,
887 3099 953 3146 sunt
982 3107 1050 3146 curn
1079 3087 1187 3147 Chnstr
1216 3087 1380 3163 prudencia

165 3158 335 3261 prppgprptptne
375 3195 517 3272 paulative
533 3196 569 3253 ad
584 3196 709 3253 veritatis
729 3196 871 3254 tramitem
887 3195 1054 3253 inclinandi.
1090 3195 1129 3253 Et
1144 3194 1215 3253 deus
1230 3193 1379 3253 ordinavit
1388 3209 1419 3260 25

375 3302 405 3358 in
430 3301 485 3359 isto
508 3310 639 3376 tempore
663 3302 700 3359 ad
724 3301 781 3359 hoc
805 3300 902 3358 media
929 3319 986 3375 que
1015 3301 1116 3359 diebus
1141 3300 1281 3375 preteritis
1307 3311 1378 3358 sunt

374 3407 486 3464 mundo
502 3407 680 3465 abscondita.
710 3407 748 3464 Et
763 3417 904 3484 quantum
919 3405 955 3464 ad
971 3407 1229 3465 confirmacionem
1244 3404 1280 3463 de
1296 3404 1378 3464 facto

374 3513 471 3589 papali
497 3513 599 3572 dicunt
626 3514 746 3590 quidam
771 3515 851 3589 quod
876 3525 919 3571 est
944 3514 1099 3572 maledicta
1121 3511 1275 3587 usurpacio
1300 3513 1378 3571 anti-

165 3627 213 3669 The
221 3628 335 3686 precedent
344 3629 369 3669 ot
376 3618 480 3676 christi.
523 3618 595 3677 Ideo
617 3620 690 3676 sicut
708 3637 830 3694 regnum
844 3619 950 3696 Anglle
964 3620 1085 3678 detinuit
1100 3619 1259 3695 prudenter
1280 3636 1379 3679 nona·

164 3678 330 3777 ffllrgibtltee
374 3732 478 3797 gentas
492 3741 605 3780 marcas
625 3724 655 3780 in
670 3725 775 3799 quibus
797 3727 835 3782 illi
857 3727 925 3784 inde
948 3727 1098 3785 annuatim
1121 3743 1152 3783 se
1174 3725 1278 3783 dicitur
1300 3725 1420 3797 obli-39

103 3861 106 3868 -
164 3778 258 3869 {liiii
267 3791 303 3817 ex·
375 3845 468 3904 gasse,
485 3829 526 3887 sic
542 3846 610 3886 cum
629 3830 788 3906 prudencia
809 3833 914 3907 poterit
936 3832 1050 3890 aliunde
1072 3832 1138 3907 paci
1160 3876 1168 3891 .
1190 3876 1198 3890 .
1219 3874 1226 3891 .
1250 3831 1378 3905 amplius

374 3934 405 3993 in
428 3935 547 3992 nomine
568 3936 678 3993 domini
700 3947 879 4015 attemptare.
922 3939 961 3996 Et
982 3939 1023 3996 sic
1040 3950 1181 4014 quantum
1198 3937 1236 3996 ad
1249 3955 1378 4014 regnum

374 4041 506 4118 hispanie
528 4088 534 4103 .
558 4087 564 4100 .
586 4045 596 4102 t
615 4043 646 4100 in
660 4045 716 4103 isto
730 4045 947 4122 presumpserit,
968 4064 1029 4103 non
1051 4055 1094 4104 est
1116 4045 1194 4104 aliud
1216 4045 1272 4103 nisi
1294 4044 1378 4121 quod

164 4159 199 4249 pp
200 4160 285 4261 ,2353
294 4160 365 4253 {iffi
374 4149 507 4207 diabolus
539 4149 576 4207 ad
603 4160 716 4226 tempus
738 4170 826 4227 parva
953 4151 1015 4209 ihm
1038 4151 1196 4210 Christum.
1240 4150 1376 4210 Christus
1388 4165 1447 4212 120.

165 4260 223 4310 0n1v·
375 4275 445 4331 ergo
466 4256 587 4332 deponit
606 4275 689 4334 reges
710 4256 851 4316 inhabiles
872 4276 924 4334 per
941 4258 1103 4316 institutum
1117 4277 1201 4318 suum
1217 4259 1375 4318 abscondi·
1387 4281 1419 4332 35

374 4370 445 4433 tum,
461 4363 525 4421 ideo
539 4381 658 4422 necesse
673 4363 780 4423 habent
794 4383 878 4439 reges
893 4365 1008 4442 culpam
1024 4383 1107 4425 suam
1126 4366 1162 4424 de
1183 4364 1372 4425 defendendo
