3038 5272
562 551 756 604 SPECULUM
781 549 955 601 ECCLESIE
979 548 1210 599 MILITANTIS.

384 726 462 786 docti
483 745 545 786 esse
568 727 657 787 modo
683 729 768 786 beato
790 745 850 786 non
871 725 981 785 faciunt
1002 724 1082 800 quod
1103 724 1237 783 homines
1259 723 1296 783 de
1320 743 1403 801 pura

383 843 463 892 secta
488 833 603 904 Christi,
627 835 700 892 sicut
723 834 776 910 ipsi
801 832 922 903 fuerant,
948 832 1004 890 sint
1028 849 1107 888 nunc
1133 830 1233 888 sancti.
1277 829 1402 890 Verum

384 940 504 1015 quidem
528 950 571 999 est
598 941 678 1017 quod
702 941 747 999 isti
775 949 832 998 tres
857 939 937 998 modi
966 937 1118 997 hominum
1141 939 1164 996 si
1192 936 1293 1009 modo,
1319 939 1402 997 sicut

174 1057 347 1101 tristaremur
384 1048 571 1125 probabiliter
579 1048 713 1118 ereditur,
722 1057 790 1106 sunt
800 1047 886 1117 beati,
896 1064 957 1105 non
968 1055 1086 1122 propter
1097 1044 1400 1119 talemdotacionem,

173 1110 363 1210 ffih’hhsshmt
384 1172 439 1212 nec
455 1166 575 1232 propter
589 1155 646 1214 hoc
661 1154 740 1230 quod
762 1173 779 1213 a
793 1154 930 1230 pauperie
952 1162 980 1211 et
994 1152 1052 1209 vita
1067 1152 1178 1209 domini
1198 1151 1425 1225 declinarunt,5

172 1210 319 1303 mgnum·
384 1261 436 1318 sed
451 1271 570 1337 propter
591 1261 648 1320 hoc
663 1260 752 1336 quod,
768 1259 904 1318 defective
920 1268 1051 1318 tenentes
1065 1258 1233 1335 pauperiem
1249 1267 1279 1316 et
1293 1256 1401 1335 legem

386 1367 501 1438 Christi,
521 1368 667 1428 fructuose
692 1367 813 1427 finaliter
837 1367 1013 1444 penitebant.
1056 1364 1124 1436 Que
1149 1383 1219 1441 ergo
1240 1365 1400 1425 evidencia

385 1475 465 1550 quod
486 1475 530 1533 isti
552 1474 639 1534 tres*
660 1475 761 1552 prelati
782 1473 847 1550 plus
868 1482 1024 1549 peccantes
1045 1471 1133 1531 hodie
1148 1472 1302 1531 observant
1323 1472 1400 1533 ideo
1423 1487 1505 1534 laea

384 1591 491 1640 statum
512 1593 656 1641 sanctum.
698 1581 895 1641 Observemus
918 1577 932 1610 *
956 1597 1026 1655 ergo
1048 1577 1141 1638 solam
1168 1579 1255 1636 vitam
1282 1577 1399 1639 Christi
1423 1588 1514 1642 ΜΒ

384 1707 439 1765 pro
466 1690 568 1766 regula
595 1688 742 1759 infallibili,
770 1687 815 1746 vel
843 1687 932 1744 vitam
960 1685 1081 1745 aliorum
1104 1685 1140 1742 de
1163 1693 1274 1761 quanto
1299 1688 1400 1746 secuti
1410 1706 1441 1744 ιο

174 1805 361 1898 peofrofiroeppspnto
384 1793 490 1854 fuerint
508 1796 661 1854 dominum
674 1794 738 1872 jhm
753 1794 910 1854 Christum.
952 1791 994 1850 Ut
1008 1791 1182 1869 licetpetrus
1196 1791 1258 1849 ihm
1273 1804 1400 1855 secutus

174 1905 230 1948 then
238 1905 288 1948 sins.
384 1901 477 1960 fuerat
488 1920 549 1961 non
558 1912 657 1961 tamen
669 1911 824 1978 propterea
838 1901 978 1959 debemus
990 1898 1138 1958 Christum
1150 1916 1255 1974 negare
1269 1908 1300 1957 et
1308 1918 1400 1959 men-

385 2008 490 2066 ciendo
512 2008 734 2066 anatematizare
755 2018 784 2065 et
795 2008 891 2084 ju'rare
909 2006 988 2082 quod
1008 2005 1157 2064 Christum
1171 2024 1232 2064 non
1246 2007 1399 2080 novimus,

385 2116 450 2173 licet
464 2115 494 2171 in
511 2113 661 2191 evangelio
682 2113 805 2190 legimus
819 2123 933 2190 petrum
947 2111 1113 2189 apostolum
1128 2113 1169 2171 sic
1184 2110 1295 2171 fecisse.
1342 2114 1400 2174 Se·

385 2239 508 2298 quamur
522 2239 593 2297 ergo
607 2238 700 2297 papas
714 2221 871 2297 episcopos
881 2230 910 2278 et
925 2221 1044 2278 abbates
1059 2219 1095 2278 de
1107 2229 1218 2295 quanto
1228 2219 1284 2295 ipsi
1299 2223 1400 2281 secuti
1410 2238 1439 2290 15

384 2328 497 2387 fuerant
519 2327 673 2387 dominum
691 2327 756 2403 jhm
778 2327 934 2386 Christum.
976 2326 1015 2384 Et
1032 2327 1070 2385 ad
1084 2327 1172 2384 istum
1187 2343 1307 2385 sensum
1321 2326 1398 2388 dicit
1407 2342 1510 2416 ciprtm·

384 2436 529 2511 ciprianus
541 2439 559 2493 8
575 2445 590 2476 Β
604 2435 631 2507 d,
647 2445 687 2494 c⁰
702 2430 853 2516 [deeim0],
863 2435 887 2493 si
898 2433 976 2493 solus
990 2433 1130 2505 Christus,
1142 2433 1223 2509 quod
1234 2432 1331 2492 solum
1340 2407 1518 2535 dessffiff

320 2594 325 2607 ,
384 2543 487 2600 bemus
509 2543 545 2600 de
574 2542 713 2618 apostolis
736 2541 781 2598 vel
804 2541 911 2599 sanctis
934 2541 995 2599 aliis
1020 2540 1118 2598 audire
1146 2540 1300 2599 dominum
1327 2541 1400 2618 jhm

384 2647 542 2707 Christum.
565 2648 698 2708 Christus
706 2647 786 2705 enim
800 2647 831 2703 in
845 2647 914 2722 ipsis
929 2647 1055 2722 loquitur
1069 2647 1188 2723 quando
1203 2647 1304 2706 dicunt
1319 2649 1399 2706 veri-

385 2764 475 2813 tatem
490 2754 683 2826 catholieam;
705 2763 733 2812 et
749 2754 860 2828 precise
876 2753 911 2812 de
926 2762 1007 2812 tanto
1023 2753 1195 2813 christianos
1205 2753 1277 2813 alios
1292 2753 1399 2814 audia·
1410 2782 1442 2818 ao

384 2877 458 2917 mus.
489 2859 574 2918 Doce
584 2878 655 2937 ergo
667 2858 681 2891 *
695 2861 718 2917 si
727 2861 841 2918 sciveris
852 2860 932 2936 quod
942 2861 993 2918 iste
1003 2878 1126 2937 persone
1136 2860 1172 2919 de
1182 2870 1264 2920 tanto
1275 2870 1345 2920 sunt
1357 2862 1399 2922 de
1440 2877 1485 2926 105
1491 2876 1509 2922 b.

385 2965 508 3023 ecclesia
529 2965 565 3023 de
588 2976 698 3042 quanto
719 2965 862 3024 extollunt
880 2966 918 3024 ad
939 2966 1147 3025 beatitudinem
1171 2967 1258 3025 istum
1279 2985 1399 3044 papam

384 3071 454 3130 istos
470 3072 625 3149 episcopos
643 3073 687 3131 vel
704 3074 831 3133 abbates.
875 3072 933 3131 Sed
954 3084 1069 3132 constat
1086 3072 1157 3130 mihi
1178 3072 1257 3148 quod
1271 3091 1328 3133 nec
1347 3075 1399 3135 vel

176 3191 361 3234 sutthetivsot
385 3178 739 3254 perfunctoriaevidencia
750 3180 806 3238 scis
816 3179 892 3238 istud
903 3180 1034 3255 probare.
1074 3178 1234 3250 Quomodo
1245 3198 1318 3256 ergo
1329 3199 1398 3242 non

174 3242 243 3284 saints
252 3242 280 3285 do
289 3251 327 3285 not

174 3293 347 3388 {fflgffigon
385 3287 567 3345 erubesceret
587 3285 717 3358 infidelis,
734 3285 895 3345 deserendo
916 3285 1123 3344 fundacionem
1144 3286 1175 3344 in
1196 3285 1259 3361 lege
1277 3285 1397 3348 domini
1408 3316 1439 3366 ²⁵

385 3412 442 3469 que
470 3412 531 3453 non
559 3403 654 3469 potest
679 3393 810 3464 deficere,
840 3402 868 3450 et
896 3391 1084 3468 preeligendo
1111 3392 1182 3452 vitas
1210 3395 1398 3468 peccatrices

385 3499 537 3575 apocrifaS,
560 3499 721 3557 secundum
742 3499 811 3555 illud
834 3498 865 3555 in
889 3515 949 3573 quo
970 3515 1032 3555 non
1054 3497 1174 3557 docetur
1195 3497 1275 3574 quod
1296 3502 1397 3560 secuti
1431 3568 1435 3574 ,

386 3604 490 3664 fuerint
511 3604 663 3663 dominum
682 3602 747 3679 jhm
771 3603 927 3662 Christum.
969 3603 1008 3662 Et
1029 3604 1189 3680 specialiter
1216 3604 1397 3666 dimittendo

422 3842 443 3876 r.
455 3834 505 3891 pro
516 3827 598 3876 verbis
609 3842 662 3877 esse
674 3829 750 3878 modo
762 3829 837 3879 beato
855 3867 861 3880 .
880 3866 886 3882 .
910 3868 916 3880 .
934 3832 991 3890 sint,
1003 3833 1047 3894 leg.
1059 3838 1118 3881 tunc
1130 3832 1188 3893 (om.
1200 3831 1227 3893 e)
1243 3845 1294 3880 non
1311 3833 1396 3884 modo

386 3908 509 3955 sciverant
520 3905 541 3953 si
553 3912 619 3966 sunt,
631 3918 656 3967 Β,
669 3905 705 3969 13¹,
715 3919 740 3956 c.
861 3910 884 3958 8.
900 3908 1018 3973 triplices
1026 3915 1076 3972 pro
1087 3916 1142 3969 tres,
1156 3921 1181 3965 Β,
1193 3907 1226 3968 Βῑ,
1239 3919 1264 3958 c,
1332 3909 1394 3972 hoc,

381 3989 432 4047 pro
443 3982 526 4043 hodie,
539 3994 562 4042 Β,
576 3981 609 4043 13¹,
620 3995 644 4035 c.
750 4000 772 4050 9.
791 3992 870 4035 status
881 3994 986 4046 sanctus,
1000 3999 1024 4046 Β,
1037 3999 1062 4037 c.
1169 4000 1207 4035 11.
1224 3986 1311 4036 Petrus
1322 3987 1394 4049 licet,

386 4063 438 4111 ord.
451 4062 504 4110 inv.
517 4073 542 4123 Β,
555 4060 589 4112 13¹.
720 4075 758 4125 15.
774 4078 841 4127 ergo,
852 4080 899 4113 om.
912 4077 935 4125 B,
950 4065 985 4125 1³¹,
997 4076 1020 4113 e.
1152 4076 1190 4130 17.
1208 4065 1351 4129 Ciprianus,
1364 4075 1396 4118 nt

386 4147 456 4203 patet
468 4141 509 4190 8d
521 4139 736 4206 (=distinctione)
749 4141 847 4191 decimo
859 4143 977 4206 capitulo,
991 4154 1015 4202 Β,
1028 4142 1062 4203 1³¹,
1075 4154 1098 4192 e.
1182 4143 1328 4200 audiendus,
1334 4151 1397 4208 post

386 4218 458 4278 Xtus,
471 4219 527 4270 add.
541 4219 574 4269 13¹.
674 4233 712 4268 ao.
732 4220 856 4285 precipue,
866 4227 916 4284 pro
927 4221 1028 4285 precise,
1043 4232 1068 4281 Β,
1080 4222 1114 4282 13¹,
1127 4232 1151 4270 e.
1251 4233 1289 4270 22.
1307 4221 1395 4286 illurn,

381 4301 431 4357 pro
442 4296 525 4356 istum,
539 4307 564 4356 Β,
577 4292 609 4356 13¹,
622 4309 647 4346 c.
761 4311 798 4358 23.
816 4298 864 4359 vel,
875 4314 921 4347 om.
934 4310 956 4358 Β,
971 4296 1005 4360 13¹,
1017 4309 1041 4348 c.
1152 4311 1192 4360 24.
1209 4313 1254 4361 per
1264 4296 1395 4350 fictoriam

386 4372 548 4433 evidenciam‚
561 4385 584 4421 Β.
651 4388 696 4437 per
707 4373 777 4423 fictas
788 4374 935 4438 evidencias,
948 4388 972 4425 e.
1081 4389 1093 4422 a
1098 4389 1119 4440 5.
1137 4375 1265 4434 erubescit,
1277 4386 1302 4438 Β,
1314 4375 1351 4439 Βῑ,
1366 4390 1391 4443 c,

386 4447 429 4494 sed
438 4459 460 4508 Β,
473 4464 536 4499 corr.
547 4464 578 4498 ex
589 4450 746 4500 erubesceret.
