3038 5272
192 517 236 584 34
583 508 777 561 SPECULUM
801 506 974 559 ECCLESIE
999 504 1229 557 MILITANTIS.

195 698 245 741 ano
252 697 299 740 thar
305 704 397 759 poverty
406 697 504 745 tamen
525 694 569 743 est
590 684 718 743 securius
739 701 829 759 quam
853 682 960 741 habere
982 681 1184 759 temporalium
1206 680 1402 742 affluenciam
1413 701 1423 758 ς

193 749 372 892 ἷῗέδοεξῗέἶῗῗιῖἷ
405 810 473 851 cum
488 791 619 850 Christus
633 790 775 849 ordinavit
797 807 866 849 suos
887 788 1036 865 apostolos
1057 788 1096 846 ita
1117 788 1228 864 pariet
1249 788 1292 849 sic
1315 788 1424 850 debeo

194 863 214 891 w
249 859 257 891 t
406 899 457 957 niti
480 916 533 973 pro
557 897 689 974 prosectu
712 897 808 955 anime
834 896 950 972 proprie
978 905 1007 953 et
1031 895 1069 953 ad
1094 894 1150 954 hoc
1174 896 1254 970 sequi
1277 897 1424 972 regulam

405 1005 515 1065 domini
527 1004 580 1081 jhu
595 1003 710 1063 Christi.
752 1002 791 1060 Et
812 1003 853 1061 sic
876 1002 941 1060 lieet
962 1002 1060 1060 videar
1081 1000 1183 1059 stultus
1202 1002 1232 1059 in
1246 1001 1304 1060 isto
1318 1020 1425 1079 agens

407 1123 509 1171 contra
531 1110 696 1188 proiectum
717 1110 874 1186 proprium,
898 1110 959 1169 seio
980 1119 1078 1167 tamen
1101 1108 1278 1185 sapienciam
1301 1108 1352 1168 dei
1381 1111 1449 1172 adt

408 1218 464 1279 hoe
486 1236 611 1288 movere,
627 1228 655 1276 et
676 1216 748 1274 mihi
771 1217 859 1276 credo
879 1217 917 1276 ad
936 1228 1106 1293 perpetuam
1129 1215 1250 1274 salutem
1267 1216 1425 1292 proficere

407 1327 431 1383 si
446 1326 476 1383 in
490 1325 545 1385 isto
560 1325 709 1401 proposito
723 1342 914 1400 perseverem.
955 1321 993 1381 Et
1008 1322 1059 1392 sic,
1071 1321 1213 1380 diminuta
1226 1321 1426 1384 multitudine

196 1444 245 1486 rue
254 1440 341 1486 murel
408 1430 477 1490 cleri
492 1431 593 1490 cesarii
607 1440 636 1488 et
650 1439 837 1506 augmentata
852 1448 904 1489 sua
918 1429 1027 1501 virtute,
1041 1427 1087 1487 vel
1107 1428 1210 1504 pocius
1224 1446 1375 1488 conversa
1390 1430 1425 1490 in

196 1495 518 1598 hffedthfbvhrldhelerum
546 1537 662 1610 Christi,
686 1537 810 1597 ecelesia
832 1536 905 1596 soret
933 1537 971 1595 ab
999 1535 1228 1612 apostematibus
1256 1535 1426 1612 superfluis

197 1597 276 1648 dm
407 1656 568 1723 expurgata
582 1656 610 1705 et
624 1656 724 1723 partes
734 1646 796 1722 ejus
804 1644 917 1702 infirme
928 1641 1090 1702 seeundum
1101 1642 1231 1718 regulam
1239 1652 1267 1700 et
1283 1642 1424 1705 formam
1437 1671 1469 1708 ro

408 1753 574 1813 sanacionis
601 1752 741 1812 voluntati
776 1752 886 1811 domini
914 1750 1103 1811 conformate.
1161 1749 1219 1809 Sed
1245 1748 1316 1809 felix
1348 1753 1425 1812 talis

408 1858 544 1932 imitaei0,
559 1877 627 1917 cum
642 1858 762 1935 ipocrite
781 1858 830 1934 qui
848 1857 987 1917 simulant
1006 1856 1190 1917 sanctitatem
1207 1864 1273 1914 sunt
1292 1868 1424 1933 aposte-

408 1975 488 2023 mata
504 1966 520 2002 *
536 1965 630 2039 magis
645 1965 791 2040 superflua
802 1974 830 2022 et
844 1966 927 2023 matri
942 1963 1063 2024 ecclesie
1078 1964 1172 2041 magis
1186 1973 1303 2023 nocent.
1334 1963 1424 2027 Cum
1434 1981 1466 2031 ο.
1473 1982 1519 2029 10

199 2072 377 2116 wimales
410 2071 527 2130 evidens
542 2071 578 2128 sit
592 2069 687 2128 multis
701 2071 865 2130 racionibus
883 2070 963 2147 quod
978 2073 1097 2148 capiens
1111 2072 1288 2132 simulatorie
1303 2082 1424 2135 statum

214 2126 272 2166 rders
281 2125 314 2166 sor

199 2139 290 2226 3⁰¹¹d¹v
299 2173 390 2234 marves
410 2178 478 2237 cleri
493 2188 611 2255 propter
625 2176 769 2237 honorem
783 2177 975 2249 mundanum,
990 2178 1164 2255 dignitatem
1179 2179 1352 2252 secularem,
1368 2183 1422 2242 vel
1435 2210 1466 2261 ¹⁵

200 2235 541 2362 commonucorporis
564 2284 749 2363 voluptatem,
775 2297 915 2363 tanquam
939 2287 986 2346 dei
1011 2287 1140 2363 proditor
1168 2288 1356 2364 symoniacus
1389 2303 1424 2353 et

410 2393 553 2454 hereticus
581 2393 612 2451 in
639 2405 829 2471 peccatorum
856 2395 1025 2470 voraginem
1054 2412 1085 2453 se
1120 2394 1246 2455 involvit.
1301 2394 1343 2455 Et
1373 2398 1422 2460 sic

410 2500 577 2578 incipiendo
592 2518 609 2558 a
624 2519 701 2577 papa
715 2520 807 2577 usque
829 2500 867 2559 ad
885 2502 1050 2577 religiosum
1065 2502 1199 2560 infimum
1214 2511 1280 2561 sunt
1294 2501 1424 2565 heretici

202 2624 336 2684 ΒοιρνειςΙ
380 2674 386 2684 ,
411 2608 527 2685 spissim
551 2608 581 2665 in
603 2607 728 2666 eeclesia
750 2608 892 2666 seminati.
942 2607 980 2666 Et
1005 2608 1045 2665 sie
1070 2608 1209 2684 supponis
1232 2607 1422 2672 mendaciter

201 2676 402 2777 ἒῗᾶιιὲῗιξῗῖεῗεῗ.
411 2715 490 2790 quod
505 2733 542 2773 eo
556 2715 621 2791 ipso
635 2732 694 2789 quo
708 2715 773 2790 quis
787 2733 847 2790 quo
861 2713 899 2773 ad
920 2715 1049 2775 seculum
1063 2714 1195 2774 habuerit
1209 2734 1319 2776 nomen
1334 2717 1421 2792 cleri,
1433 2742 1468 2780 πο

410 2830 454 2878 est
468 2821 589 2878 clericus
603 2820 640 2878 de
656 2838 790 2896 suprema
801 2833 882 2897 parte
893 2821 1015 2881 ecclesie
1029 2822 1184 2895 militantis,
1200 2822 1252 2881 sed
1265 2822 1423 2901 principes

411 2926 606 2998 sacerdotum,
634 2926 760 3003 pharisei
786 2937 815 2985 et
843 2928 968 2988 scarioth
996 2929 1209 2989 contradicunt.
1265 2928 1303 2988 Et
1340 2932 1423 2993 sicut

411 3032 491 3110 olym
504 3032 551 3091 isti
572 3033 608 3091 de
624 3043 703 3092 secta
724 3035 883 3094 antichristi
897 3037 1124 3113 praetizaverant
1138 3046 1240 3096 contra
1254 3035 1421 3112 Christum,

413 3141 454 3199 sic
483 3141 500 3180 *
530 3139 615 3201 hodie
644 3153 711 3201 sunt
738 3160 840 3201 eorum
869 3144 980 3202 semina
1007 3143 1142 3202 derelicta
1169 3162 1226 3219 que
1254 3155 1422 3220 operantur
1432 3159 1516 3209 laub

413 3251 560 3327 copiosius
584 3261 686 3310 eontra
708 3250 863 3312 Christum.
906 3251 958 3310 Isti
978 3251 1057 3310 enim
1082 3261 1149 3311 sunt
1168 3251 1335 3312 meretrices
1356 3271 1420 3332 que
1433 3274 1465 3324 ²5

415 3358 582 3418 adulterinis
597 3360 686 3436 signis
701 3360 831 3420 nituntur
845 3359 950 3419 celeste
965 3359 1133 3436 conjugium
1148 3358 1309 3436 deturpare.

746 3717 992 3780 CAPITULUM
1018 3725 1088 3781 18111.

208 3893 390 3947 Mmaobjoen:
460 3878 654 3940 Maiarum.
697 3877 857 3950 Quomodo
875 3890 958 3958 potes
981 3881 1176 3958 subterfugere
1198 3881 1269 3957 quin
1289 3881 1425 3942 moliaris

419 3989 565 4049 destruere
588 3996 710 4044 matrem
738 3997 878 4058 nostram,
904 3989 972 4064 quia
1000 3988 1069 4046 nulli
1098 3988 1219 4047 dubium
1246 3988 1292 4046 isti
1315 3989 1425 4064 prelati

454 4147 476 4186 1.
495 4148 543 4183 sec.
556 4138 601 4191 est,
612 4130 665 4181 ord.
677 4129 731 4180 inv.
744 4141 769 4190 Β,
782 4129 854 4191 1³¹,c.
966 4145 988 4181 a.
1008 4129 1064 4191 deo,
1071 4138 1120 4194 pro
1131 4132 1219 4192 debeo,
1231 4141 1256 4192 Β,
1269 4141 1293 4180 c.
1398 4145 1423 4194 3.

418 4213 499 4273 inniti,
518 4222 543 4272 Β,
556 4208 588 4270 Β“,
602 4220 625 4259 e.
726 4222 748 4270 5.
766 4208 874 4258 securius
891 4207 981 4270 (add),
998 4218 1021 4268 Β,
1036 4207 1070 4269 13¹,
1082 4221 1107 4258 c.
1214 4223 1252 4259 rr.
1271 4207 1427 4260 salvacionis

421 4294 485 4356 (pro
495 4286 645 4351 sanacionis)
659 4285 752 4335 Christi
765 4285 854 4348 (add),
867 4296 890 4346 Β,
904 4285 939 4347 1³¹,
951 4298 975 4336 e.
1080 4301 1118 4351 19.
1135 4285 1185 4345 hie,
1192 4294 1241 4350 pro
1252 4287 1295 4347 sic,
1307 4296 1333 4347 Β,
1346 4285 1385 4348 Βῑ,
1397 4299 1424 4337 c.

423 4383 461 4431 23.
479 4374 553 4423 sorte,
560 4371 609 4430 pro
621 4371 694 4422 secta,
708 4375 731 4422 Β,
746 4363 817 4423 1³¹,c.
928 4379 966 4427 25.
983 4365 1037 4426 iste,
1050 4376 1074 4428 Β,
1087 4365 1120 4426 Β“,
1134 4378 1158 4415 c.
1260 4379 1298 4430 29.
1317 4363 1426 4416 dubium

422 4448 490 4511 quin,
503 4457 527 4495 Β,
562 4441 751 4504 dubiumquod,
764 4441 797 4502 1³¹,
807 4453 831 4491 C.
